@InCollection{	  abeille95,
  author	= {Anne Abeill\'e},
  title		= {The flexibility of {French} idioms: {A} representation with {Lexical Tree Adjoining Grammar}},
  booktitle	= {Idioms: {S}tructural and Psychological Perspectives},
  publisher	= {Lawrence Erlbaum Associates},
  year		= {1995},
  editor	= {M. Everaert and E. van der Linden and A. Schen and R. Schreuder},
  chapter	= {1},
  pages		= {15--42},
  address	= {Hillsdale}
}

@misc{	  melnik16,
	author = {Nurit Melnik},
	note = {Paper presented at the ``Language contact, language continuity and change, and the emergence of Modern Hebrew'' workshop, Hebrew University, Jerusalem},
	title = {{T}he development of the {{VOS}} construction},
	year = {2016}
}

@misc{	  kay2012,
	address = {Stanford, CA},
	author = {Kay, Paul and Sag, Ivan A.},
	comment = {{Unpublished manuscript}},
	title = {A Lexical Theory of Phrasal Idioms},
	url = {http://www1.icsi.berkeley.edu/~kay/idiom-pdflatex.11-13-15.pdf},
	year = {2012}
}

@misc{	  bargmannsailer15,
	author = {Sascha Bargmann and Manfred Sailer},
	note = {Poster at the 4th General PARSEME Meeting, Valletta, Malta},
	title = {Syntactic flexibility of non-decompo\-sable idioms},
	year = {2015}
}

@inproceedings{	  bargmann2017,
	author = {Bargmann, Sascha and Manfred Sailer},
	booktitle = {Mutliword Expressions: {I}nsights from a multi-lingual perspective},
	doi = {10.5281/zenodo.1182587},
	editor = {Manfred Sailer and Stella Markantonatou},
	pages = {1--40},
	publisher = {Language Science Press},
	title = {The Syntactic Flexibility of Semantically Non-decomposable     Idioms},
	year = {2018}
}

@techreport{	  parlira,
	author = {Bj\"orn Hedstr\"om and Matilda Horppu and David Micha\"elsson},
	institution = {Chalmers University of Technology},
	title = {Parlira: {A}n Interactive Phrasebook for {A}ndroid Devices},
	year = {2016}
}

@techreport{	  grover08,
	author = {Grover, Claire},
	institution = {Edinburgh Language Technology Group},
	title = {{{LT-TTT}2}: {Example} Pipelines Documentation},
	year = {2008}
}

@techreport{	  daelemans:vanderlinden:92,
	address = {Tilburg},
	author = {Daelemans, Walter and {van der Linden}, Erik-Jan},
	institution = {Institute for Language Technology and Artificial Intelligence, Tilburg University},
	title = {{{E}}valuation of lexical representation formalisms},
	type = {ITK Research Memo},
	year = {1992}
}

@phdthesis{	  schneiderphd,
	author = {Gerold Schneider},
	school = {Institute of Computational Linguistics, University of Zurich},
	title = {{H}ybrid {Long-Distance} Functional Dependency Parsing},
	type = {{D}octoral {T}hesis},
	year = {2008}
}

@phdthesis{	  riehemann01,
	author = {Susanne Riehemann},
	school = {Stanford University},
	title = {{A} Constructional Approach to Idioms and Word Formation},
	year = {2001}
}

@phdthesis{	  prins05,
	author = {Robbert Prins},
	school = {Behavioral and Cognitive Neurosciences (BCN) research school, University of Groningen},
	title = {{{F}inite-State} Pre-Processing for Natural Language Analysis},
	year = {2005}
}

@phdthesis{	  kim2008,
	author = {Su Nam Kim},
	school = {University of Melbourne},
	title = {{Statistical Modeling of Multiword Expressions}},
	year = {2008}
}

@phdthesis{	  hockenmaier2003,
	author = {Julie Hockenmaier},
	school = {University of Edinburgh},
	title = {Data and Models for Statistical Parsing with {Combinatory Categorial Grammar}},
	year = {2003}
}

@phdthesis{	  collins99,
	address = {Philadelphia, PA},
	author = {Collins, Michael},
	school = {University of Pennsylvania},
	title = {{Head-Driven} Statistical Models for Natural Language Parsing},
	type = {Ph.{D}. thesis},
	year = {1999}
}

@phdthesis{	  angelov2011mechanics,
	author = {Krasimir Angelov},
	school = {Chalmers University of Technology},
	title = {The Mechanics of the {Grammatical Framework}},
	year = {2011}
}

@misc{	  sekine1997evalb,
	author = {Sekine, Satoshi and Collins, Michael},
	title = {{{EVALB}} bracket scoring program},
	url = {http://www. cs. nyu. edu/cs/projects/proteus/evalb},
	year = {1997}
}

@misc{	           nivre:2014,
	address = {Athens},
	author = {Nivre, Joakim},
	booktitle = {{Second {PARSEME} meeting}},
	title = {{Transition-based parsing with multiword expressions}},
	year = {2014}
}

@misc{		  zhang06salm,
	author = {Zhang, Y. and Vogel, S.},
	howpublished = {Technical Report CMU-LTI-06-010},
	location = {Language Technologies Institute, School of Computer Science, Carnegie Mellon University, Pittsburgh, PA},
	title = {{S}uffix Array and its Applications in Empirical {N}atural {L}anguage {P}rocessing},
	year = {2006}
}

@misc{		  waszczuk2015,
	address = {{La Valletta}, {Malta}},
	author = {Waszczuk, Jakub and Agata Savary},
	note = {4th {PARSEME} general meeting},
	title = {{M}odeling syntactic properties of {{MWEs}} in {LFG}},
	year = {2015}
}

@misc{		  minos2016,
	address = {Struga, fYROM},
	author = {Minos, Panagiotis and Stella Markantonatou and Georgios Zakis and Elpiniki Margariti},
	note = {6th PARSEME general meeting},
	title = {{G}enerating {{LFG}/{XLE}} {MWE} entries from {IDION} (a theory neutral lexical {DB})},
	url = {http://typo.uni-konstanz.de/parseme/index.php/2-general/156-selected-posters-struga-7-8-april-2016},
	year = {2016}
}

@misc{		  losnegaard:2015,
	author = {{L}osnegaard, {G}yri {S}m{\o}rdal and {U}lland, {H}arald},
	howpublished = {Poster session B, PARSEME 4th General Meeting, Valletta, Malta},
	title = {{S}yntactic properties of {N}orwegian verbal {{MWE}}s},
	year = {2015}
}

@mastersthesis{	  christodoulopoulos2008,
	author = {Christodoulopoulos, Christos},
	journal = {Master's thesis, University of Edinburgh},
	school = {University of Edinburgh},
	title = {Creating a Natural Logic Inference System with {Combinatory Categorial Grammar}},
	year = {2008}
}

@manual{	  sigf06,
	author = {Sebastian Pad\'o},
	title = {User's guide to \texttt{sigf}: {S}ignificance testing by approximate randomisation},
	year = {2006}
}

@manual{	  pc-patr:manual:97,
	address = {Dallas, TX},
	author = {Stephen McConnel},
	note = {Version 0.99b5},
	organization = {Summer Institute of Linguistics},
	timestamp = {2014.08.11},
	title = {{{PC-PATR}} {R}eference {M}anual},
	url = {http://www.sil.org/pcpatr/manual/pcpatr.html},
	year = {1997}
}

@manual{	  gregoire:10b,
	author = {Gr{\'e}goire, Nicole},
	title = {{{DUELME}} {LMF} {XML} data: {User} documentation},
	url = {http://duelme.clarin.inl.nl/documentation.php},
	year = {2010}
}

@manual{	  gregoire:07c,
	author = {Nicole Gr{\'e}goire},
	title = {{{MWE}} {L}exicon for {{Dutch}}: {Encoding} protocol},
	url = {http://duelme.clarin.inl.nl/documentation.php},
	year = {2007}
}

@manual{	  gregoire:07,
	author = {Nicole Gr{\'e}goire},
	title = {{{MWE}} {L}exicon for {{Dutch}}: {Overview} of pattern descriptions},
	url = {http://duelme.clarin.inl.nl/documentation.php},
	year = {2007}
}

@inproceedings{   zhangetal2006,
	address = {Stroudsburg, PA, USA},
	author = {Zhang, Yi and Kordoni, Valia and Villavicencio, Aline and Idiart, Marco},
	booktitle = {{{Proceedings of the Workshop on Multiword Expressions: {I}dentifying and Exploiting Underlying Properties}}},
	pages = {36--44},
	publisher = {Association for Computational Linguistics},
	series = {MWE '06},
	title = {Automated Multiword Expression Prediction for Grammar Engineering},
	year = {2006}
}

@inproceedings{   martens&vandeghinste2010,
	address = {Beijing, China},
	author = {Martens, Scott and Vandeghinste, Vincent},
	booktitle = {{{Proceedings of the Workshop on Multiword Expressions: {F}rom Theory to Applications ({MWE} 2010)}}},
	pages = {84--87},
	publisher = {Association for Computational Linguistics},
	title = {An Efficient, Generic Approach to Extracting {Multi-Word} Expressions from Dependency Trees},
	year = {2010}
}

@inproceedings{   finkeljr09,
	address = {Boulder, Colorado},
	author = {Finkel, Jenny Rose and Manning, Christopher D.},
	booktitle = {{Proceedings of {Human Language Technologies}: {The} 2009 Annual Conference of the {{North} American} Chapter of the {Association for Computational Linguistics}}},
	pages = {326--334},
	publisher = {Association for Computational Linguistics},
	title = {{J}oint {P}arsing and {N}amed {{E}}ntity {R}ecognition},
	url = {http://www.aclweb.org/anthology/N/N09/N09-1037},
	year = {2009}
}

@inproceedings{	  zhang08robustparsing,
	address = {Marrakech, Morroco},
	author = {Yi Zhang and Valia Kordoni},
	booktitle = {{Proceedings of the Sixth International Language Resources and Evaluation Conference ({{LREC}}'08)}},
	pages = {1888--1893},
	title = {{Robust parsing with a large {HPSG} grammar}},
	year = {2008}
}

@inproceedings{	  zhang06binarization,
	address = {Morristown, NJ, USA},
	author = {Zhang, Hao and Huang, Liang and Gildea, Daniel and Knight, Kevin},
	booktitle = {{{Proceedings of the main conference on Human Language Technology conference of the {North} American chapter of the Association of Computational Linguistics}}},
	location = {New York, New York},
	pages = {256--263},
	publisher = {Association for Computational Linguistics},
	title = {{S}ynchronous binarization for machine translation},
	year = {2006}
}

@inproceedings{	  zhang06,
	address = {Genoa, Italy},
	author = {Zhang, Yi and Kordoni, Valia},
	booktitle = {{Proceedings of the 5th Internation Conference on {Language Resource and Evaluation} ({{LREC}}-2006)}},
	pages = {275--280},
	title = {Automated Deep Lexical Acquisition for Robust Open Texts Processing},
	year = {2006}
}

@inproceedings{	  yangarber:2002-coling,
	address = {Taipei, Taiwan},
	author = {Roman Yangarber and Winston Lin and Ralph Grishman},
	booktitle = {{Proceedings of {{COLING}}: {The} 19th International Conference on Computational Linguistics}},
	title = {Unsupervised Learning of Generalized Names},
	year = {2002}
}

@inproceedings{	  yamada2003statistical,
	address = {Nancy, France},
	author = {Yamada, Hiroyasu and Matsumoto, Yuji},
	booktitle = {{Proceedings of the International Workshop on Parsing Technologies ({{IWPT}})}},
	pages = {195--206},
	title = {{S}tatistical dependency analysis with support vector machines},
	volume = {3},
	year = {2003}
}

@inproceedings{	  wu2003bilingual,
	author = {Wu, Chien-Cheng and Chang, Jason S},
	booktitle = {{Proceedings of Research on Computational Linguistics Conference {{XV}} ({ROCLING}'2003)}},
	location = {Hsinchu, Taiwan},
	pages = {33--55},
	publisher = {The Association for Computational Linguistics and Chinese Language Processing ({ACLCLP})},
	title = {{B}ilingual Collocation Extraction Based on Syntactic and Statistical Analyses},
	url = {http://aclweb.org/anthology/O03-1003},
	year = {2003}
}

@inproceedings{	  wn13,
	address = {Nice},
	author = {Wehrli, Eric and Nerima, Luka},
	booktitle = {{Proceedings of the Workshop on Multi-word Units in Machine Translation and Translation Technology ({{MUMTT}}'2013)}},
	editor = {Monti, J. and Mitkov, R. and Corpas Pastor, G. and Seretan, V.},
	title = {{A}naphora Resolution, Collocations and Translation},
	year = {2013}
}

@inproceedings{	  weller&heid2010,
	address = {Valletta},
	author = {Weller, Marion and Heid, Ulrich},
	booktitle = {{Proceedings of {{LREC}} 2010}},
	editor = {Calzolari, Nicoletta and Choukri, Kha\-lid and Maegaard, Bente and Mariani, Joseph and Odijk, Jan and Piperidis, Stelios and Rosner, Mike and Tapias, Daniel},
	pages = {3195--3201},
	publisher = {European Language Resources Association},
	title = {Extraction of {{German}} Multiword Expressions from Parsed Corpora Using Context Features},
	year = {2010}
}

@inproceedings{	  wehrli07,
	address = {Prague, Czech Republic},
	author = {Wehrli, Eric},
	booktitle = {{Proceedings of the {{ACL}} 2007 {W}orkshop on {D}eep {L}inguistic {P}rocessing}},
	pages = {120--127},
	publisher = {Association for Computational Linguistics},
	title = {Fips: {A} ``Deep'' Linguistic Multilingual Parser},
	url = {http://www.aclweb.org/anthology/W/W07/W07-1216},
	year = {2007}
}

@inproceedings{	  vintar2008harvesting,
	author = {Vintar, {\u{S}}pela and Fi{\u{s}}er, Darja},
	booktitle = {{Proceedings of the 6th edition of the Language Resources and Evaluation Conference ({{LREC}} 2008)}},
	pages = {1091--1096},
	title = {{H}arvesting {Multi-Word} Expressions from Parallel Corpora.},
	year = {2008}
}

@inproceedings{	  vincze13,
	author = {Vincze, Veronika and Zsibrita, J{\'a}nos and Nagy T., Istv{\'a}n},
	booktitle = {{Proceedings of the Sixth International Joint Conference on Natural Language Processing ({{IJCNLP}})}},
	location = {Nagoya, Japan},
	pages = {207--215},
	publisher = {Asian Federation of Natural Language Processing},
	title = {Dependency Parsing for Identifying {H}ungarian Light Verb Constructions},
	url = {http://aclweb.org/anthology/I13-1024},
	year = {2013}
}

@inproceedings{	  vincze11,
	author = {Vincze, Veronika and Nagy T., Istv{\'a}n and Berend, G{\'a}bor},
	booktitle = {{Proceedings of the International Conference {R}ecent {A}dvances in {N}atural {L}anguage {P}rocessing 2011}},
	location = {Hissar, Bulgaria},
	pages = {289--295},
	publisher = {Association for Computational Linguistics},
	title = {Multiword Expressions and Named Entities in the {Wiki50} Corpus},
	year = {2011}
}

@inproceedings{	  villavicencio07,
	address = {Prague, Czech Republic},
	author = {Villavicencio, Aline and Kordoni, Valia and Zhang, Yi and Idiart, Marco and Ramisch, Carlos},
	booktitle = {{{Proceedings of the 2007 Joint Conference on Empirical Methods in Natural Language Processing and Computational Natural Language Learning ({EMNLP-CoNLL})}}},
	pages = {1034--1043},
	publisher = {Association for Computational Linguistics},
	title = {{V}alidation and Evaluation of Automatically Acquired Multiword Expressions for Grammar Engineering},
	url = {http://www.aclweb.org/anthology/D/D07/D07-1110},
	year = {2007}
}

@inproceedings{	  vechtomova2005role,
	author = {Vechtomova, Olga},
	booktitle = {{European} {Conference on Information Retrieval}},
	organization = {Springer},
	pages = {403--420},
	title = {{T}he role of multi-word units in interactive information retrieval},
	year = {2005}
}

@inproceedings{	  ullman-nivre:2014:mwe,
	author = {Ullman, Edvin and Nivre, Joakim},
	booktitle = {{Proceedings of the 10th Workshop on Multiword Expressions ({{MWE}})}},
	location = {Gothenburg, Sweden},
	pages = {99--103},
	publisher = {Association for Computational Linguistics},
	title = {{P}araphrasing {S}wedish Compound Nouns in {M}achine {T}ranslation},
	url = {http://www.aclweb.org/anthology/W14-0817},
	year = {2014}
}

@inproceedings{	  tufis2007parallel,
	author = {Tufi{\c{s}}, Dan and Ion, Radu},
	booktitle = {{Proceedings of the 4th International Conference on Speech and Dialogue Systems}},
	pages = {183--195},
	title = {{P}arallel corpora, alignment technologies and further prospects in multilingual resources and technology infrastructure},
	year = {2007}
}

@inproceedings{	  tu-roth:2011:mwe,
	address = {Portland, OR},
	author = {Tu, Yuancheng and Roth, Dan},
	booktitle = {{Proceedings of the {{ACL}} 2011 Workshop on {MWE}s}},
	pages = {31--39},
	title = {{L}earning {{E}}nglish Light Verb Constructions: {C}ontextual or Statistical},
	year = {2011}
}

@inproceedings{	  trawinskisailersoehnetal.2008,
	author = {Beata Trawinski and Manfred Sailer and Jan-Philipp Soehn and Lothar Lemnitzer and Frank Richter},
	booktitle = {{Proceedings of the {{LREC}} Workshop Towards a Shared Task for Multiword Expressions ({MWE} 2008)}},
	pages = {35--38},
	title = {{C}ranberry {E}xpressions in {{E}}nglish and in {G}erman},
	year = {2008}
}

@inproceedings{	  tjong2002,
	author = {Tjong Kim Sang, Erik F.},
	booktitle = {{Proceedings of the 6th Conference on Natural Language Learning ({{CoNLL}}) -- Volume 20}},
	location = {Taipei, Taiwan},
	pages = {1--4},
	title = {{I}ntroduction to the {{C}o{NLL}}-2002 Shared Task: {L}angua\-ge-independent Named Entity Recognition},
	year = {2002}
}

@inproceedings{	  tiedemann2012parallel,
	address = {Istanbul, Turkey},
	author = {J{\"o}rg Tiedemann},
	booktitle = {{Proceedings of the Eighth International Conference on Language Resources and Evaluation ({{LREC}}-2012)}},
	pages = {2214--2218},
	title = {{P}arallel Data, Tools and Interfaces in {{OPUS}}},
	year = {2012}
}

@inproceedings{	  steinberger-15,
	author = {Steinberger, Ralf and Podavini, Aldo and Balahur, Alexandra and Jacquet, Guillaume and Tanev, Hristo and Linge, Jens and Atkinson, Martin and Chinosiand, Michele and Zavarella, Vanni and Steiner, Yaniv and {van der Goot}, Erik},
	booktitle = {{Proceedings of the Symposium on New Frontiers of Automated Content Analysis in the Social Sciences ({{ACA}}'2015)}},
	pages = {1--8},
	title = {{O}bserving Trends in Automated Multilingual Media Analysis},
	year = {2015}
}

@inproceedings{	  steinberger-13,
	author = {Steinberger, Ralf and Ehrmann, Maud and Pajzs, J{\'u}lia and Ebrahim, Mohamed and Steinberger, Josef and Turchi, Marco},
	booktitle = {International {Conference on Text, Speech and Dialogue}},
	organization = {Springer},
	pages = {22--33},
	title = {{M}ultilingual media monitoring and text analysis--{C}hallenges for highly inflected languages},
	year = {2013}
}

@inproceedings{	  steinberger-11,
	address = {Hissar, Bulgaria},
	author = {Steinberger, Ralf and Pouliquen, Bruno and Kabadjov, Mijail and {van der Goot}, Erik },
	booktitle = {{{Proceedings of the 8th International Conference Recent Advances in Natural Language Processing ({RANLP}'2011)}}},
	pages = { 104--110},
	title = {{{JRC}-{N}}ames: {A} Freely Available, Highly Multilingual Named Entity Resource},
	year = {2011}
}

@inproceedings{	  steinberger-09,
	address = {Boston, USA},
	author = {Steinberger, Ralf and Pouliquen, Bruno and {van der Goot}, Erik},
	booktitle = {{Proceedings of the {{SIGIR}} 2009 Workshop ({{SIGIR}-CLIR}'2009)}},
	pages = {1--8},
	title = {An Introduction to the {{Europe} Media Monitor} Family of Applications},
	year = {2009}
}

@inproceedings{	  sketchengine,
	author = {Adam Kilgarriff and Pavel Rychly and Pavel Smrz and David Tugwell},
	booktitle = {{Proceedings of {{EURALEX}}}},
	location = {Lorient, France},
	pages = {105--116},
	title = {{T}he {S}ketch Engine},
	year = {2004}
}

@inproceedings{	  siklosi-14,
	author = {Sikl{\'o}si, Borb{\'a}la and No\-v{\'a}k, Attila and Pr{\'o}sz{\'e}ky, G{\'a}bor},
	booktitle = {4th {Workshop on Building and Evaluating Resources for Health and Biomedical Text Processing ({{BioTxtM}}), {LREC}}},
	location = {Reykjavik, Iceland},
	pages = {69--75},
	title = {{R}esolving abbreviations in clinical texts without pre-existing structured resources},
	year = {2014}
}

@inproceedings{	  shieber:84,
	address = {Stanford, CA},
	author = {Shieber, Stuart M.},
	booktitle = {{Proceedings of the 10th International Conference on Computational Linguistics and 22nd Annual Meeting of the {Association for Computational Linguistics} ({{ACL}} 1984)}},
	pages = {362--366},
	timestamp = {2011.08.16},
	title = {{T}he Design of a Computer Language for Linguistic Information},
	url = {http://www.aclweb.org/anthology/P84-1075},
	year = {1984}
}

@inproceedings{	  seretan2007collocation,
	address = {Toulouse, France},
	author = {Seretan, Violeta and Wehrli, Eric},
	booktitle = {{Actes de la 14ème conférence sur le Traitement Automatique des Langues Naturelles ({TALN} 2007) }},
	pages = {401--410},
	title = {{C}ollocation translation based on sentence alignment and parsing},
	year = {2007}
}

@inproceedings{	  semmar2010hybrid,
	author = {Semmar, Nasredine and Servan, Christophe and De Chalendar, Ga{\"e}l and Le Ny, Beno{\^i}t and Bouzaglou, Jean-Jacques},
	booktitle = {{Proceedings of the 32nd Translating and the Computer Conference ({{ASLIB}} 2010)}},
	location = {London, UK},
	title = {A hybrid word alignment approach to improve translation lexicons with compound words and idiomatic expressions},
	year = {2010}
}

@inproceedings{	  seddah13,
	address = {Seattle, WA},
	author = {Seddah, Djam{\'e} and Tsarfaty, Reut and K\"ubler, Sandra and Candito, Marie and Choi, Jinho and Farkas, Rich{\'a}rd and Foster, Jennifer and Goenaga, Iakes and Gojenola, Koldo and Goldberg, Yoav and Green, Spence and Habash, Nizar and Kuhlmann, Marco and Maier, Wolfgang and Nivre, Joakim and Przepiorkowski, Adam and Roth, Ryan and Seeker, Wolfgang and Versley, Yannick and Vin\-cze, Veronika and Woli{\'n}ski, Marcin and Wr{\'o}blewska, Alina and {Villemonte de la Cl{\'e}rgerie}, Eric},
	booktitle = {{Proceedings of the Fourth International Workshop on Statistical Parsing of {Morphologically-Rich} Languages ({SPRML IV})}},
	title = {{O}verview of the {{SPMRL}} 2013 {S}hared {T}ask: {A} {C}ross-{F}ramework {{E}}valuation of {P}arsing {M}orphologically {R}ich {L}anguages},
	year = {2013}
}

@inproceedings{	  schwartz-03,
	author = {Schwartz, Ariel S. and Hearst, Marti A.},
	booktitle = {{Proceedings of the {{PAC}} on Biocomputing}},
	pages = {451--462},
	title = {A simple algorithm for identifying abbreviation definitions in biomedical text},
	year = {2003}
}

@inproceedings{	  schneider:2014,
	address = {Athens, Greece},
	author = {Schneider, Gerold},
	booktitle = {{Second {PARSEME} meeting}},
	title = {Improving {{PP}} attachment in a hybrid dependency parser using semantic, distributional, and lexical resources},
	year = {2014}
}

@inproceedings{	  schneider:2012,
	address = {Istanbul, Turkey},
	author = {Schneider, Gerold},
	booktitle = {{Proceedings of Semantic Relations {{II}} workshop ({SEM-{II}}) at {LREC} 2012}},
	pages = {67--76},
	title = {Using semantic resources to improve a syntactic dependency parser},
	year = {2012}
}

@inproceedings{	  schneider14mwe,
	address = {Reykyavik},
	author = {Schneider, Nathan and Onuffer , Spencer and Kazour , Nora and Danchik, Emily and Mordowanec, Michael T. and Conrad , Henrietta and Smith, Noah A.},
	booktitle = {{Proceedings of the Ninth International Conference on Language Resources and Evaluation ({{LREC}} 2014)}},
	pages = {456--461},
	title = {Comprehensive Annotation of Multiword Expressions in a Social Web Corpus},
	year = {2014}
}

@inproceedings{	  samaridi2014,
	address = {Gothenburg, Sweden},
	author = {Samaridi, Niki and Stella Markantonatou},
	booktitle = {10th {{Workshop} on {Multiword} {{E}xpressions} ({{MW{E}}} 2014), {{E}}uropean chapter of the {A}ssociation for {C}omputational {L}inguistics 2014}},
	pages = {33--37},
	title = {Parsing {M}odern {G}reek verb {{MWEs}} with {LFG}/{XLE} grammars},
	year = {2014}
}

@inproceedings{	  sag02,
	author = {Sag, Ivan and Baldwin, Timothy and Bond, Francis and Copestake, Ann and Flickinger, Dan},
	bdsk-url = {http://www.springerlink.com/content/k7etlqv25lxj3j1w/},
	booktitle = {{P}roceedings of  the 3rd {I}nternational {C}onference on {C}omputational {L}inguistics and {I}ntelligent {T}ext {P}rocessing},
	number = {2276},
	pages = {1--15},
	publisher = {Springer},
	series = {Lecture {N}otes in {C}omputer {S}cience},
	title = {Multiword Expressions: {A} Pain in the Neck for {{NLP}}},
	year = {2002}
}

@inproceedings{	  rosen:2015,
	address = {Warsaw, Poland},
	author = {Ros{\'e}n, Victoria and {Sm{\o}rdal Losnegaard}, Gyri and De Smedt, Koenraad and Bej\v{c}ek, Eduard and Savary, Agata and Przepi{\'o}rkowski, Adam and Osenova, Petya and Barbu Mititelu, Verginica},
	booktitle = {Proc. {O}f 14th International {Workshop on Treebanks and Linguistic Theories ({{T}{L}{T}} 2015)}},
	pages = {179--193},
	title = {{A} {S}urvey of {M}ultiword {{E}}xpressions in {T}reebanks},
	year = {2015}
}

@inproceedings{	  rosen12lrec,
	address = {Istanbul, Turkey},
	author = {Ros{\'e}n, Victoria and De Smedt, Koenraad and Meurer, Paul and Dyvik, Helge},
	booktitle = {{{META-RESEARCH}} {Workshop on Advanc\-ed Treebanking at {LREC'2012}}},
	editor = {Haji\v{c}, Jan and De Smedt, Koenraad and Tadi\'c, Marko and Branco, Ant{\'o}nio},
	pages = {22--29},
	title = {An Open Infrastructure for Advanced Treebanking},
	year = {2012}
}

@inproceedings{	  riloff:aaai-1996,
	author = {Ellen Riloff},
	booktitle = {{Proceedings of Thirteenth National Conference on Artificial Intelligence ({AAAI-}96)}},
	pages = {1044--1049},
	publisher = {The AAAI Press/MIT Press},
	sssauthor = {E. Riloff},
	sssbooktitle = {Proc. 13th Natl. Conf. on AI (AAAI-96)},
	title = {Automatically Generating Extraction Patterns from Untagged Text},
	year = {1996}
}

@inproceedings{	  ren2009improving,
	author = {Ren, Z. and L{\"u}, Y. and Cao, J. and Liu, Q. and Huang, Y.},
	booktitle = {{Proceedings of the Workshop on Multiword Expressions: {I}dentification, Interpretation, Disambi\-guation and Applications}},
	pages = {47--54},
	title = {{I}mproving statistical machine translation using domain bilingual multiword expressions},
	year = {2009}
}

@inproceedings{	  ranta2015grammar,
	author = {Ranta, Aarne and Unger, Christina and Vidal Hussey, Daniel},
	booktitle = {{Proceedings of the {G}rammar {{E}}ngineering {A}cross {F}rameworks ({{G{E}AF}}) 2015 Workshop}},
	location = {Beijing, China},
	pages = {1--8},
	publisher = {Association for Computational Linguistics},
	title = {Grammar Engineering for a Customer: {A} Case Study with Five Languages},
	url = {http://aclweb.org/anthology/W15-3301},
	year = {2015}
}

@inproceedings{	  ranta2010tools,
	address = {Uppsala, Sweden},
	author = {Ranta, Aarne and Angelov, Krasimir and Hallgren, Thomas},
	booktitle = {{Proceedings of the 48th Annual Meeting of the {A}ssociation for {C}omputational {L}inguistics ({{ACL} 2010}) System Demonstrations}},
	organization = {Association for Computational Linguistics},
	pages = {66--71},
	title = {{T}ools for multilingual grammar-based translation on the web},
	year = {2010}
}

@inproceedings{	  ramshaw1995,
	author = {Ramshaw, Lance A. and Marcus, Mitchell P.},
	bdsk-url-1 = {http://acl.ldc.upenn.edu/W/W95/W95-0107.pdf},
	booktitle = {{Proceedings of the 3rd {{ACL}} Workshop on Very Large Corpora}},
	pages = {82--94},
	title = {{T}ext chunking using transforma\-tion-based learning},
	year = {1995}
}

@inproceedings{	  prz:etal:14b,
	address = {Dublin, Ireland},
	author = {Przepi\'orkowski, Adam and Hajnicz, El\.{z}bieta and Patejuk, Agnieszka and Woli\'nski, Marcin},
	booktitle = {{Proceedings of the {W}orkshop on {L}exical and {G}rammatical {R}esources for {L}anguage {P}rocessing ({{LG-LP}} 2014)}},
	pages = {83--91},
	title = {{{E}}xtended phraseological information in a valence dictionary for {{NLP}} applications},
	year = {2014}
}

@inproceedings{	  prague,
	address = {Bombay, India},
	author = {Bej\v{c}ek, Eduard and Panevov{\'a}, Jarmila and Popelka, Jan and Stra\v{n}{\'a}k, Pavel and \v{S}ev\v{c}{\'\i}kov{\'a}, Magda and \v{S}t\v{e}p{\'a}nek, Jan and \v{Z}abokrtsk{\`y}, Zden\v{e}k},
	booktitle = {{Proc. {O}f {{COLING}} 2012}},
	pages = {231--246},
	title = {{Prague Dependency Treebank 2.5--a revisited version of {PDT} 2.0}},
	year = {2012}
}

@inproceedings{	  piskorski-11,
	address = {Hissar, Bulgaria},
	author = {Jakub Piskorski and Martin Atkinson and Jenya Belyaeva},
	booktitle = {{Proceedings of the conference Recent Advances in Natural Language Processing}},
	pages = {210--217},
	title = {{{E}}xploring the Usefulness of Cross-lingual Information Fusion for Refining Real-time News {E}vent {E}xtraction: {A} Preliminary Study},
	year = {2011}
}

@inproceedings{	  petrov12,
	address = {Istanbul, Turkey},
	author = {Petrov, Slav and Das, Dipanjan and McDonald, Ryan},
	booktitle = {{Proceedings of the Eighth International  {Language Resources and Evaluation Conference}, {{LREC}} 2012}},
	editor = {Nicoletta Calzolari and Khalid Choukri and Thierry Declerck and Mehmet Uğur Doğan and Bente Maegaard and Joseph Mariani and Asuncion Moreno and Jan Odijk and Stelios Piperidis},
	pages = {2089--2096},
	title = {A Universal {Part-of-Speech} Tagset},
	url = {http://www.lrec-conf.org/proceedings/lrec2012/summaries/274.html},
	year = {2012}
}

@inproceedings{	  pereira:shieber:84,
	address = {Stanford, CA},
	author = {Pereira, Fernando C. N. and Shieber, Stuart M.},
	booktitle = {{Proceedings of the 10th international conference on computational linguistics and the 22nd annual meeting of the association for computational linguistics}},
	pages = {123--129},
	title = {{T}he semantics of grammar formalisms seen as computer languages},
	year = {1984}
}

@inproceedings{	  pargram02,
	abstract = {We report on the Parallel Grammar (ParGram) project which uses the XLE parser and grammar development platform for six languages: English, French, German, Japanese, Norwegian, and Urdu.},
	address = {Taipei, Taiwan},
	author = {Butt, Miriam and Dyvik, Helge and King, Tracy Holloway and Masuichi, Hiroshi and Rohrer, Christian},
	bdsk-url-1 = {http://anthology.aclweb.org/W/W02/W02-1503.pdf},
	booktitle = {{Proceedings of the Workshop on Grammar Engineering and Evaluation at the 19th International Conference on Computational Linguistics ({{COLING}})}},
	editor = {Carroll, John and Oostdijk, Nelleke and Sutcliffe, Richard},
	pages = {1--7},
	publisher = {Association for Computational Linguistics},
	title = {{T}he {P}arallel {G}rammar {P}roject},
	year = {2002}
}

@inproceedings{	  papineni2002bleu,
	author = {Papineni, Kishore and Roukos, Salim and Ward, Todd and Zhu, Wei-Jing},
	booktitle = {{Proceedings of the 40th annual meeting on {Association for Computational Linguistics} ({{ACL}} 2002)}},
	pages = {311--318},
	title = {{{BLEU}}: {A} method for automatic evaluation of machine translation},
	year = {2002}
}

@inproceedings{	  papageorgiou2000,
	address = {Athens, Greece},
	author = {Papageorgiou, Haris and Prokopis Prokopidis and Voula Giouli and Stelios Piperidis},
	booktitle = {{Proceedings of the 2nd {L}anguage {R}esources and {{E}}valuation {C}onference ({{LR{E}C}} 2000)}},
	editor = {M. Gavrilidou and G. Carayannis and S. Markantonatou and S. Piperidis and G. Stainhauer},
	pages = {1455--1462},
	title = {A Unified {{POS}} Tagging Architecture and its Application to {G}reek},
	year = {2000}
}

@inproceedings{	  okita2010multi,
	address = {Beijing, China},
	author = {Okita, Tsuyoshi and Maldonado Guerra, Alfredo and Graham, Yvette and Way, Andy},
	booktitle = {4th International {Workshop on Cross Lingual Information Access at {{COLING}} 2010}},
	organization = {Association for Computational Linguistics},
	pages = {26--34},
	title = {{M}ulti-word expres\-sion-sensitive word alignment},
	year = {2010}
}

@inproceedings{	  och2000improved,
	author = {Och, F. J. and Ney, H.},
	booktitle = {{{Proceedings of the 38th Annual Meeting on Association for Computational Linguistics ({ACL} 2000)}}},
	pages = {440--447},
	title = {{I}mproved statistical alignment models},
	year = {2000}
}

@inproceedings{	  nws10,
	address = {Valletta, Malta},
	author = {Nerima, Luka and Wehrli, Eric and Seretan, Violeta},
	booktitle = {{{Proceedings of the Seventh International Conference on Language Resources and Evaluation ({LREC}'10)}}},
	pages = {634--638},
	title = {{A} {R}ecursive {T}reatment of {C}ollocations},
	year = {2010}
}

@inproceedings{	  nordgard00,
	address = {Patras, Greece},
	author = {Nordg{\aa}rd, Torbj{\o}rn},
	booktitle = {{COMLEX} 2000 {Workshop on Computational Lexicography and Multimedia Dictionaries}},
	pages = {89--92},
	publisher = {University of Patras},
	title = {{N}ordkompleks: {A} {N}orwegian computational lexicon},
	year = {2000}
}

@inproceedings{	  nivre2004multiword,
	author = {Nivre, Joakim and Nilsson, Jens},
	booktitle = {{{Workshop on Methodologies and Evaluation of Multiword Units in {Real-World} Applications}}},
	pages = {39--46},
	title = {{Multiword units in syntactic parsing}},
	year = {2004}
}

@inproceedings{	  nivre16,
	address = {Portoro{\v z}, Slovenia},
	author = {Nivre, Joakim and de Marneffe, Marie-Catherine and Ginter, Filip and Goldberg, Yoav and Haji\v{c}, Jan and Manning, Christopher D. and McDonald, Ryan and Petrov, Slav and Pyysalo, Sampo and Silveira, Natalia and Tsarfaty, Reut and Zeman, Dan},
	booktitle = {{Proceedings of the 10th International Conference on Language Resources and Evaluation {({LREC} 2016)}}},
	title = {{Universal Dependencies v1: {A} Multilingual Treebank Collection}},
	year = {2016}
}

@inproceedings{	  nivre04,
	address = {Boston, Massachusetts},
	author = {Nivre, Joakim and Hall, Johan and Nilsson, Jens},
	booktitle = {{Proceedings of {{CoNLL}} 2004}},
	pages = {49--56},
	title = {{Memory-based dependency parsing}},
	year = {2004}
}

@inproceedings{	  nit:etal:16,
	address = {Portoro{\v{z}}, Slovenia},
	author = {Nito{\'n}, Bart\l{}omiej and Bartosiak, Tomasz and Hajnicz, Elżbieta},
	booktitle = {{Proceedings of the 10th edition of the Language Resources and Evaluation Conference ( {{LREC}})}},
	file = {533_Paper.pdf:http\://www.lrec-conf.org/proceedings/lrec2016/pdf/533_Paper.pdf:PDF},
	pages = {1352--1359},
	title = {{A}ccessing and Elaborating \textit{Walenty} -- a Valence Dictionary of {Polish} -- via {I}nternet Browser},
	year = {2016}
}

@inproceedings{	  nilsson2007conll,
	author = {Nilsson, Jens and Riedel, Sebastian and Yuret, Deniz},
	booktitle = {{{Proceedings of {{EMNLP/CoNLL}} 2007 CoNLL shared tasks session}}},
	pages = {915--932},
	title = {{The {CoNLL} 2007 shared task on dependency parsing}},
	year = {2007}
}

@inproceedings{	  nasretal15,
	address = {Beijing, China},
	author = {Alexis Nasr and Carlos Ramisch and Jos{\'e} Deulofeu and Andr{\'e} Valli},
	booktitle = {53rd Annual Meeting of the {Association for Computational Linguistics}},
	pages = {1116--1126},
	title = {{J}oint Dependency Parsing and Multiword Expression Tokenisation},
	year = {2015}
}

@inproceedings{	  nasr:11,
	address = {Portland, Oregon},
	author = {Nasr, Alexis and Bechet, Frederic and Rey, Jean-Francois and Favre, Benoit and Roux, Joseph Le},
	booktitle = {{{Proceedings of {ACL} 2011 Demonstrations}}},
	title = {{{MACAON}}: {A}n {NLP} tool suite for processing word lattices},
	year = {2011}
}

@inproceedings{	  nakagawa:2007:emnlp-conll2007,
	address = {Prague, Czech Republic},
	author = {Nakagawa, Tetsuji},
	booktitle = {{Proceedings of the {{CoNLL}} Shared Task Session of {EMNLP-{CoNLL}} 2007}},
	pages = {952--956},
	publisher = {Association for Computational Linguistics},
	title = {{M}ultilingual Dependency Parsing Using Global Features},
	url = {http://www.aclweb.org/anthology/D07-1100},
	year = {2007}
}

@inproceedings{	  nagyt-vincze:2014:mwe,
	address = {Gothenburg},
	author = {Nagy T., Istv\'{a}n and Vincze, Veronika},
	booktitle = {{Proceedings of the {{EACL}} 2014 Workshop on {MWE}s}},
	pages = {17--25},
	title = {{{VPCTagger}}: {Detecting} Verb-Particle Constructions With Syntax-Based Methods},
	year = {2014}
}

@InProceedings{	  nadeau-05,
  title		= {{A} supervised learning approach to acronym identification},
  author	= {Nadeau, David and Turney, Peter D.},
  editor        = {K{\'e}gl, Bal{\'a}zs and Lapalme, Guy},
  publisher     = {Springer},
  address       = {Berlin, Heidelberg},
  pages         = {319--329},
  booktitle	= {Advances in Artificial Intelligence: {Canadian AI 2005}},
  series={Lecture Notes in Computer Science},
  number={3501},
  year		= {2005}
}

@inproceedings{	  mirroshandel:2013,
	address = {Atlanta, Georgia},
	author = {Seyed Abolghasem Mirroshandel and Alexis Nasr and Beno{\^{i}}t Sagot},
	booktitle = {{Proceedings of the 2013 Conference of the {N}orth {A}merican Chapter of the {A}ssociation for {C}omputational {L}inguistics: {H}uman {L}anguage {T}echnologies}},
	pages = {239--247},
	publisher = {Association for Computational Linguistics},
	title = {{{E}}nforcing Subcategorization Constraints in a Parser Using Sub-parses Recombining},
	year = {2013}
}

@inproceedings{	  mirroshandel:12,
	author = {Mirroshandel, Seyed Abolghasem   and Nasr, Alexis   and {Le Roux}, Joseph},
	booktitle = {{Proceedings of the 50th Annual Meeting of the {A}ssociation for {C}omputational {L}inguistics (Volume 1: {L}ong Papers)}},
	location = {Jeju Island, Korea},
	pages = {777--785},
	publisher = {Association for Computational Linguistics},
	title = {Semi-supervised Dependency Parsing using Lexical Affinities},
	url = {http://aclweb.org/anthology/P12-1082},
	year = {2012}
}

@inproceedings{	  meurer12,
	address = {Stanford, CA},
	author = {Meurer, Paul},
	booktitle = {{Proceedings of the {{LFG}}'12 {C}onference}},
	editor = {Butt, Miriam and King, Tracy Holloway},
	pages = {404--421},
	publisher = {{CSLI} {P}ublications},
	series = {{LFG} Online Proceedings},
	title = {{{INESS-S}}earch: {A} search system for {LFG} (and other) treebanks},
	year = {2012}
}

@inproceedings{	  mcnamee-09,
	author = {McNamee, Paul and Dang, Hoa T.},
	booktitle = {Text Analysis {Conference ({{TAC}})}},
	pages = {111--113},
	title = {{O}verview of the {{TAC}} 2009 {K}nowledge {B}ase {P}opulation {T}rack},
	volume = {17},
	year = {2009}
}

@inproceedings{	  mcdonald-lerman-pereira:2006:conll-x,
	address = {New York City},
	author = {McDonald, Ryan and Lerman, Kevin and Pereira, Fernando},
	booktitle = {{Proceedings of the Tenth Conference on Computational Natural Language Learning ({{CoNLL-X}})}},
	pages = {216--220},
	publisher = {Association for Computational Linguistics},
	title = {{M}ultilingual {D}ependency {A}nalysis with a {{T}wo-{S}}tage {D}iscriminative {P}arser},
	url = {http://www.aclweb.org/anthology/W/W06/W06-2932},
	year = {2006}
}

@inproceedings{	  marchandhybrid2011,
	author = {Marchand, Morgane and Semmar, Nasredine},
	booktitle = {{Proceedings of the fifth {Language and Technology Conference}: {Human} Language Technologies as a Challenge for Computer Science and Linguistics}},
	location = {Pozna{\'n}, Poland},
	pages = {430--434},
	title = {A Hybrid {Multi-Word} Terms Alignment Approach Using Word Co-occurrence with a {Bilingual} Lexicon},
	year = {2011}
}

@inproceedings{	  losnegaard12,
	address = {Istanbul, Turkey},
	author = {Losnegaard, Gyri Sm{\o}rdal and Lyse, Gunn Inger and Thunes, Martha and Ros{\'e}n, Victoria and De Smedt, Koenraad and Dyvik, Helge and Meurer, Paul},
	booktitle = {{{META-RESEARCH}} {Workshop on Advanced Treebanking at {LREC}'2012}},
	editor = {Haji\v{c}, Jan and De Smedt, Koenraad and Tadi\'c, Marko and Branco, Ant{\'o}nio},
	pages = {69--76},
	title = {What {We} Have Learned from {S}ofie: {E}xtending Lexical and Grammatical Coverage in an {{LFG}} Parsebank},
	year = {2012}
}

@inproceedings{	  lonning04,
	address = {Uppsala, Sweden},
	author = {Jan Tore L{\o}nning and Stephan Oepen and Dorothee Beermann and Lars Hellan and John Carroll and Helge Dyvik and Dan Flickinger and Janne Bondi Johannessen and Paul Meurer and Torbj{\o}rn Nordg{\aa}rd and Victoria Ros{\'e}n and Erik Velldal},
	booktitle = {{Proceedings of the {W}orkshop in {R}ecent {A}dvances in {S}candinavian {M}achine {T}ranslation}},
	file = {LOGON.pdf:http\://stp.ling.uu.se/RASMAT/extended_abstracts/LOGON.pdf:PDF},
	title = {{{LOGON}}: {A} {N}orwegian {MT} {{E}}ffort},
	year = {2004}
}

@inproceedings{	  leroux14,
	address = {Dublin, Ireland},
	author = {{Le Roux}, Joseph and Rozenknop, Antoine and Constant, Matthieu},
	booktitle = {Proc. {O}f {{COLING}} 2014},
	title = {{S}yntactic parsing and compound recognition via dual decomposition: {A}pplication to {F}rench},
	year = {2014}
}

@inproceedings{	  kupiec1993algorithm,
	author = {Kupiec, Julian},
	booktitle = {{Proceedings of the 31st annual meeting on {Association for Computational Linguistics}}},
	pages = {17--22},
	title = {{A}n algorithm for finding noun phrase correspondences in bilingual corpora},
	year = {1993}
}

@inproceedings{	  krishnamurthy2012weakly,
	author = {Krishnamurthy, Jayant and Mitchell, Tom M},
	booktitle = {{Proceedings of the 2012 Joint Conference on Empirical Methods in Natural Language Processing and Computational Natural Language Learning ({{EMNLP/CoNLL}})}},
	organization = {Association for Computational Linguistics},
	pages = {754--765},
	title = {{Weakly Supervised Training of Semantic Parsers}},
	year = {2012}
}

@inproceedings{	  korkontzelosetal2010,
	address = {Los Angeles, California},
	author = {Korkontzelos, Ioannis and Manandhar, Suresh},
	booktitle = {Proc. {O}f The 11th Annual {Conference of the {{North} American} Chapter of the Association for Computational Linguistics: {H}uman Language Technologies {{NAACL}/{HLT}} 2010}},
	pages = {636--644},
	title = {{C}an recognising multiword expressions improve shallow parsing?},
	year = {2010}
}

@inproceedings{	  koo-carreras-collins:2008:aclmain,
	address = {Columbus, Ohio},
	author = {Koo, Terry and Carreras, Xavier and Collins, Michael},
	bdsk-url-1 = {http://www.aclweb.org/anthology/P/P08/P08-1068},
	booktitle = {{Proceedings of {{ACL-}08: {H}LT}}},
	pages = {595--603},
	title = {{S}imple {S}emi-supervised {D}ependency {P}arsing},
	year = {2008}
}

@inproceedings{	  konvens:lyngfelt12w,
	author = {Benjamin Lyngfelt and Lars Borin and Markus Forsberg and Julia Prentice and Rudolf Rydstedt and Emma Sk{\"o}ldberg and Sofia Tingsell},
	booktitle = {{Proceedings of {KONVENS} 2012}},
	editor = {Jeremy Jancsary},
	note = {LexSem 2012 workshop},
	pages = {452--461},
	publisher = {\"{O}GAI},
	title = {{A}dding a constructicon to the {{Swedish}} resource network of {Spr{\aa}kbanken}},
	year = {2012}
}

@inproceedings{	  kompara-10,
	author = {Kompara, Mojca},
	booktitle = {{Proceedings of the Sixth {Cambridge} Postgraduate Conference in Language Research ({{CAMLing}})}},
	editor = {Cummins, Chris and Elder, Chi-H{\'e} and Godard, Thomas and Macleod, Morgan and Schmidt, Elaine and Walkden, George},
	pages = {82--91},
	title = {{A}utomatic recognition of abbreviations and abbreviations' expansions in multilingual electronic texts},
	year = {2010}
}

@inproceedings{	  kokkinakis-06,
	address = {Genoa, Italy},
	author = {Kokkinakis, Dimitrios and Dann\'ells, Dana},
	booktitle = {{Proceedings of the 5th Conference on Language Resources and Evaluation ({{LREC}})}},
	pages = {1971--1974},
	title = {{R}ecognizing acronyms and their definitions in {S}wedish medical texts},
	year = {2006}
}

@inproceedings{	  koehn2007moses,
	author = {Koehn, Philipp and Hoang, Hieu and Birch, Alexandra and Callison-Burch, Chris and Federico, Marcello and Bertoldi, Nicola and Cowan, Brooke and Shen, Wade and Moran, Christine and Zens, Richard and Dyer, Chris and Bojar, Ondrej and Constantin, Alexandra and Herbst, Eva},
	booktitle = {{Proceedings of the 45th annual meeting of the {{ACL}} on interactive poster and demonstration sessions}},
	location = {Prague, Czech Republic},
	organization = {Association for Computational Linguistics},
	pages = {177--180},
	title = {Moses: {Open} source toolkit for statistical machine translation},
	year = {2007}
}

@inproceedings{	  koehn2007factored,
	author = {Koehn, Philipp and Hoang, Hieu},
	booktitle = {{{Proceedings of the 2007 joint conference on empirical methods in Natural Language Processing and Computational Natural Language Learning ({EMNLP-CoNLL})}}},
	pages = {868--876},
	title = {{F}actored {T}ranslation {M}odels},
	year = {2007}
}

@inproceedings{	  koehn-03,
	author = {Koehn, Philipp and Och, Franz J. and Marcu, Daniel},
	booktitle = {{Proceedings of the 2003 Conference of the {{North} American} Chapter of the Association for Computational Linguistics on Human Language Technology}},
	organization = {Association for Computational Linguistics},
	pages = {48--54},
	title = {{S}tatistical phrase-based translation},
	volume = {1},
	year = {2003}
}

@inproceedings{	  kilbury:etal:91,
	author = {Kilbury, James and Naerger, Petra and Renz, Ingrid},
	booktitle = {{Proceedings of the fifth conference of the {{European} Chapter of the Association for Computational Linguistics ({EACL-}91)}}},
	pages = {137--142},
	timestamp = {2013.09.30},
	title = {{{DATR}} as a lexical component for {PATR}},
	year = {1991}
}

@inproceedings{	  kato16,
	author = {Akihiko Kato and Hiroyuki Shindo and Yuji Matsumoto},
	booktitle = {{Proceedings of the Tenth International Conference on Language Resources and Evaluation ({{LREC}} 2016)}},
	location = {Portoro{\v z}, Slovenia},
	publisher = {European Language Resources Association (ELRA)},
	title = {{C}onstruction of an {{English}} {D}ependency {C}orpus incorporating {C}ompound {F}unction {W}ords},
	year = {2016}
}

@inproceedings{	  kaplanbresnan82,
	address = {Cambridge, MA},
	author = {Kaplan, Ronald M. and Bresnan, Joan},
	booktitle = {The Mental Representation of Grammatical Relations},
	editor = {Bresnan, Joan},
	pages = {173--281},
	publisher = {The MIT Press},
	title = {{{Lexical-Functional} Grammar}: {A} {F}ormal {S}ystem for {G}rammatical {R}epresentation},
	year = {1982}
}

@inproceedings{	  jacquet-16,
	address = {Portoro\v{z}, Slovenia},
	author = {Guillaume Jacquet and Maud Ehrmann and Ralf Steinberger and Jaakko V{\"a}yrynen},
	booktitle = {{Proceedings of the 10th Language Resources and Evaluation Conference ({{LREC}} 2016)}},
	pages = {528--535},
	title = {{C}ross-lingual {L}inking of {M}ulti-word {{E}}ntities and their corresponding {A}cro\-nyms},
	year = {2016}
}

@inproceedings{	  jacquet-14,
	address = {Reykjavik, Iceland},
	author = {Guillaume Jacquet and Maud Ehrmann and Ralf Steinberger},
	booktitle = {{Proceedings of the 9th Language Resources and Evaluation Conference ({{LREC}} 2014)}},
	pages = {2548--2553},
	title = {{C}lustering of {{M}ulti-{W}}ord {N}amed {{E}}ntity variants: {M}ultilingual {{E}}valuation},
	year = {2014}
}

@inproceedings{	  hogan2007exploiting,
	address = {Prague, Czech Republic},
	author = {Hogan, Deirdre and Cafferkey, Conor and Cahill, Aoife and Van Genabith, Josef},
	booktitle = {{Proceedings of the Joint Conference on Empirical Methods in Natural Language Processing ({{EMNLP}}) and Computational Natural Language Learning ({CoNLL})}},
	organization = {Association for Computational Linguistics},
	pages = {267--276},
	title = {{{E}}xploiting multi-word units in history-based probabilistic generation},
	year = {2007}
}

@inproceedings{	  hoffart-13,
	author = {Hoffart, Johannes and Suchanek, Fabian M and Berberich, Klaus and Weikum, Gerhard},
	booktitle = {{Proceedings of the {Twenty-Third} international joint conference on Artificial Intelligence}},
	organization = {AAAI Press},
	pages = {3161--3165},
	title = {{{YAGO}}2: {A} spatially and temporally enhanced knowledge base from {W}ikipedia},
	year = {2013}
}

@inproceedings{	  hockenmaier2002,
	address = {Stroudsburg, PA, USA},
	author = {Hockenmaier, Julia and Steedman, Mark},
	booktitle = {{Proceedings of the 40th Annual Meeting on {Association for Computational Linguistics}}},
	pages = {335--342},
	publisher = {Association for Computational Linguistics},
	series = {ACL '02},
	title = {Generative Models for Statistical Parsing with {Combinatory Categorial Grammar}},
	year = {2002}
}

@inproceedings{	  heid94,
	address = {Amsterdam},
	author = {Ulrich Heid},
	booktitle = {{Proceedings of the {{VI}}th {{E}}uralex {I}nternational {C}ongress ({{E}URAL{E}X'94})}},
	editor = {Willy Martin et al.},
	note = {Eingeladener Hauptvortrag},
	pages = {226--257},
	title = {{O}n {W}ays {W}ords {W}ork {T}ogether -- {Topics} in {L}exical {C}ombinatorics},
	year = {1994}
}

@inproceedings{	  gruzitis2015formalising,
	author = {Gruzitis, Normunds and Dannells, Dana and Lyngfelt, Benjamin and Ranta, Aarne},
	booktitle = {{Proceedings of the {Grammar Engineering Across Frameworks} ({{GEAF}}) 2015 Workshop}},
	location = {Beijing, China},
	pages = {49--56},
	publisher = {Association for Computational Linguistics},
	title = {Formalising the {{Swedish}} Constructicon in {Grammatical Framework}},
	url = {http://aclweb.org/anthology/W15-3307},
	year = {2015}
}

@inproceedings{	  gross:86,
	acmid = {991367},
	author = {Gross, Maurice},
	booktitle = {{Proceedings of the 11th Coference on Computational Linguistics}},
	location = {Bonn, Germany},
	numpages = {6},
	pages = {1--6},
	publisher = {Association for Computational Linguistics},
	series = {{COLING} '86},
	title = {{L}exicon-grammar: {T}he {R}epresentation of {C}ompound {W}ords},
	year = {1986}
}

@inproceedings{	  gross84,
	address = {Stanford, California, USA},
	author = {Maurice Gross},
	booktitle = {{{Proceedings of the 10th International Conference on Computational Linguistics and 22nd Annual Meeting of the Association for Computational Linguistics}}},
	pages = {275--282},
	publisher = {Association for Computational Linguistics},
	title = {{Lexicon}-{grammar} and the syntactic analysis of {{French}}},
	year = {1984}
}

@inproceedings{	  gregoire:2007:acl07-mwe,
	address = {Prague, Czech Republic},
	author = {Gr\'egoire, Nicole},
	bdsk-url-1 = {http://www.aclweb.org/anthology/W/W07/W07-1103},
	booktitle = {{Proceedings of the Workshop on A Broader Perspective on Multiword Expressions}},
	pages = {17--24},
	publisher = {Association for Computational Linguistics},
	title = {{D}esign and implementation of a lexicon of {{Dutch}} {M}ultiword {E}xpressions},
	url = {http://www.aclweb.org/anthology/W/W07/W07-1103},
	year = {2007}
}

@inproceedings{	  green11,
	address = {Edinburgh},
	author = {Green, Spence and de Marneffe, Marie-Catherine and Bauer, John and Manning, Christopher D.},
	booktitle = {Proc. {O}f {{EMNLP}} 2011},
	pages = {725--735},
	title = {{M}ultiword expression identification with tree substitution grammars: {A} {P}arsing tour de force with {{French}}},
	year = {2011}
}

@inproceedings{	  gowiska:2010,
	address = {Valletta, Malta},
	author = {G{\l}owi{\'n}ska, Katarzyna and Przepi{\'o}rkowski, Adam},
	booktitle = {Proc. {O}f the Seventh International {Conference on Language Resources and Evaluation ({{LREC}} 2010)}},
	title = {{T}he {D}esign of {S}yntactic {A}nnotation {L}evels in the {National Corpus of Polish}},
	year = {2010}
}

@inproceedings{	  francopoulo:etal:06,
	author = {Francopoulo, Gil and George, Monte and Calzolari, Nicoletta and Monachini, Monica and Bel, Nuria and Pet, Mandy and Soria, Claudia},
	booktitle = {{Proceedings of the International Conference on Language Resources and Evaluation ({{LREC}} 2006)}},
	pages = {233--236},
	title = {{Lexical Markup Framework ({LMF})}},
	year = {2006}
}

@inproceedings{	  finlayson2011,
	address = {Stroudsburg, PA, USA},
	author = {Finlayson, Mark Alan and Kulkarni, Nidhi},
	booktitle = {{Proceedings of the Workshop on Multiword Expressions: {F}rom Parsing and Generation to the Real World}},
	pages = {20--24},
	publisher = {Association for Computational Linguistics},
	series = {MWE '11},
	title = {Detecting Multi-word Expressions Improves Word Sense Disambiguation},
	year = {2011}
}

@inproceedings{	  eryigit:2011:multiword,
	address = {Dublin, Ireland},
	author = {Eryi\u{g}it, G{\"u}l\c{s}en and \.{I}lbay, Tugay and Can, Ozan Arkan},
	booktitle = {{{Proceedings of the Second Workshop on Statistical Parsing of Morphologically Rich Languages}}},
	organization = {Association for Computational Linguistics},
	pages = {45--55},
	title = {Multiword expressions in statistical dependency parsing},
	year = {2011}
}

@inproceedings{	  enache2014handling,
	address = {Cham},
	author = {Enache, Ramona and Listenmaa, Inari and Kolachina, Prasanth},
	booktitle = {Controlled Natural Language. {{CNL} 2014}},
	number = {8625},
	pages = {147--154},
	publisher = {Springer},
	series = {Lecture Notes in Computer Science},
	title = {{H}andling non-compositionality in multilingual {{CNLs}}},
	year = {2014}
}

@inproceedings{	  eisner1996three,
	address = {Santa Cruz, California},
	author = {Eisner, Jason M.},
	booktitle = {{Proceedings of the 16th conference on Computational linguistics ({{ACL}} 1996)}},
	organization = {Association for Computational Linguistics},
	pages = {340--345},
	title = {{T}hree new probabilistic models for dependency parsing: {A}n exploration},
	year = {1996}
}

@inproceedings{	  ehrmann-13,
	address = {Hissar, Bulgaria},
	author = {Ehrmann, Maud and Rocca, Leo D. and Steinberger, Ralf and Tanev, Hristo},
	booktitle = {{Proceedings of the 9th Conference Recent Advances in Natural Language Processing ({{RANLP}})}},
	pages = {237--244},
	title = {{A}cronym recognition and processing in 22 languages},
	year = {2013}
}

@inproceedings{	  dyvik16,
	address = {Portoro{\v z}, Slovenia},
	author = {Dyvik, Helge and Meurer, Paul and Ros{\'e}n, Victoria and De Smedt, Koenraad and Haugereid, Petter and Losnegaard, Gyri Sm{\o}rdal and Lyse, Gunn Inger and Thunes, Martha},
	bdsk-url-1 = {http://www.lrec-conf.org/proceedings/lrec2016/summaries/943.html},
	booktitle = {{Proceedings of the tenth international conference on language resources and evaluation ({{LREC}} 2016)}},
	editor = {Calzolari, Nicoletta and Chou\-kri, Khalid and Declerck, Thierry and Grobelnik, Marko and Maegaard, Bente and Mariani, Joseph and Moreno, As\-unci{\'o}n and Odijk, Jan and Piperidis, Stelios},
	organization = {ELRA},
	pages = {3555--3562},
	title = {{{NorGramBank}}: {A} `{D}eep' {T}reebank for {N}orwegian},
	url = {http://www.lrec-conf.org/proceedings/lrec2016/summaries/943.html},
	year = {2016}
}

@inproceedings{	  dyer:15,
	address = {Beijing},
	author = {Dyer, Chris and Ballesteros, Miguel and Ling, Wang and Matthews, Austin and Smith, Noah A.},
	booktitle = {Proc. {O}f {{ACL}} 2015},
	pages = {334--343},
	title = {{T}ransition-based dependency parsing with stack long short-term memory},
	year = {2015}
}

@inproceedings{	  dyer-13,
	author = {Dyer, Chris  and Chahuneau, Victor and Smith, Noah A.},
	booktitle = {{Proceedings of the 2013 Conference of the {{North} American} Chapter of the {Association for Computational Linguistics: {H}uman Language Technologies} ({{NAACL-HLT}})}},
	pages = {644--648},
	title = {{A} {S}imple, {F}ast, and {{E}}ffective {R}eparameterization of {{IBM}} {M}odel 2},
	year = {2013}
}

@inproceedings{	  durrett:15,
	address = {Beijing},
	author = {Durrett, Greg and Klein, Dan},
	booktitle = {{{Proceedings of the 53rd Annual Meeting of the Association for Computational Linguistics and the 7th International Joint Conference on Natural Language Processing (Volume 1: {L}ong Papers)}}},
	pages = {302--312},
	title = {Neural {{CRF}} Parsing},
	year = {2015}
}

@inproceedings{	  downey:2007:lcn,
	address = {San Francisco, CA, USA},
	author = {Downey, Doug and Broadhead, Matthew and Etzioni, Oren},
	booktitle = {{Proceedings of the 20th International Joint Conference on Artifical Intelligence}},
	location = {Hyderabad, India},
	pages = {2733--2739},
	publisher = {Morgan Kaufmann Publishers Inc.},
	series = {IJCAI'07},
	title = {{L}ocating Complex Named Entities in Web Text},
	url = {http://dl.acm.org/citation.cfm?id=1625275.1625715},
	year = {2007}
}

@inproceedings{	  deoskar,
	address = {Gothenburg},
	author = {Deoskar, Tejaswini and Christodoulopoulos, Christos and Birch, Alexandra and Steedman, Mark},
	booktitle = {{Proceedings of the 14th Conference of the {{European}} Chapter of the {Association for Computational Linguistics} ({{EACL}}'2014)}},
	editor = {Bouma, Gosse and Parmentier, Yannick},
	pages = {126--134},
	title = {Generalizing a Strongly Lexicalized Parser using Unlabeled Data},
	year = {2014}
}

@inproceedings{	  denero2008complexity,
	author = {DeNero, John and Klein, Dan},
	booktitle = {{Proceedings of the 46th Annual Meeting of the {Association for Computational Linguistics on Human Language Technologies}: {Short} Papers}},
	pages = {25--28},
	title = {{T}he complexity of phrase alignment problems},
	year = {2008}
}

@inproceedings{	  dblp:conf/eacl/detrezr12,
	acmid = {2380895},
	address = {Stroudsburg, PA, USA},
	author = {D{\'e}trez, Gr{\'e}goire and Ranta, Aarne},
	booktitle = {{Proceedings of the 13th Conference of the {{European}} Chapter of the {Association for Computational Linguistics} ({{EACL}} 2012)}},
	location = {Avignon, France},
	pages = {645--653},
	publisher = {Association for Computational Linguistics},
	title = {Smart Paradigms and the Predictability and Complexity of Inflectional Morphology},
	url = {http://aclweb.org/anthology/E12-1066},
	year = {2012}
}

@inproceedings{	  dalrymple04,
	address = {University of Canterbury, Christchurch, New Zealand},
	author = {Dalrymple, Mary and Kaplan, Ronald M. and King, Tracy Holloway},
	booktitle = {{Proceedings of the {{LFG}}'04 {C}onference}},
	editor = {Butt, Miriam and King, Tracy H.},
	pages = {200--208},
	publisher = {CSLI Publications},
	title = {{L}inguistic generalizations over descriptions},
	year = {2004}
}

@inproceedings{	  daille2001extraction,
	address = {Tours, France},
	author = {Daille, B{\'e}atrice},
	booktitle = {Actes de la 8{\`e}me conf{\'e}rence sur le Traitement Automatique des Langues Naturelles ({{TALN}})},
	pages = {3--8},
	publisher = {Association pour le Traitement Automatique des Langues},
	title = {{{E}}xtraction de collocation {\`a} partir de textes},
	year = {2001}
}

@inproceedings{	  daille1994towards,
	author = {Daille, B{\'e}atrice and Gaussier, Eric and Lang{\'e}, Jean-Marc},
	booktitle = {{Proceedings of the 15th International Conference on Computational linguistics ({{COLING}} 1994)}},
	pages = {515--521},
	title = {{T}owards automatic extraction of monolingual and bilingual terminology},
	year = {1994}
}

@inproceedings{	  dagan1994termight,
	author = {Dagan, Ido and Church, Ken},
	booktitle = {{Proceedings of the Fourth Conference on Applied Natural Language Processing ({{ANLP}}'94)}},
	pages = {34--40},
	title = {Termight: {Identifying} and translating technical terminology},
	year = {1994}
}

@inproceedings{	  copestakeetal2002,
	address = {Las Palmas, Canary Islands, Spain},
	author = {Copestake, Ann and Lambeau, Fabre and Villavicencio, Aline and Bond, Francis and Baldwin, Timothy and Sag, Ivan A. and Flickinger, Dan},
	booktitle = {{Proceedings of the Third International Conference on Language Resources and Evaluation ({{LREC} 2002})}},
	pages = {1941--1947},
	title = {Multiword expressions: {L}inguistic precision and reusability},
	year = {2002}
}

@inproceedings{	  constantnivre16,
	address = {Berlin, Germany},
	author = {Constant, Matthieu and Nivre, Joakim},
	booktitle = {{Proceedings of the 54th Annual Meeting of the {Association for Computational Linguistics}}},
	pages = {161--171},
	publisher = {Association for Computational Linguistics},
	title = {A {Transition-Based} System for Joint Lexical and Syntactic Analysis},
	url = {http://www.aclweb.org/anthology/P16-1016},
	volume = {1: \textit{Long papers}},
	year = {2016}
}

@inproceedings{	  constant2011integrer,
	author = {Constant, Matthieu and Tellier, Isabelle and Duchier, Denys and Dupont, Yoann and Sigogne, Anthony and Billot, Sylvie},
	booktitle = {{TALN}},
	pages = {321},
	title = {{I}nt{\'e}grer des connaissances linguistiques dans un {{CRF}}: {A}pplication {\`a} l'apprentissage d'un segmenteur-{\'e}tiqueteur du fran{\c{c}}ais},
	volume = {1},
	year = {2011}
}

@inproceedings{	  constant16deep,
	address = {San Diego, California},
	author = {Constant, Matthieu and {Le Roux}, Joseph and Tomeh, Nadi},
	booktitle = {{Proceedings of the 15th Annual Conference of the {{North} American} Chapter of the {Association for Computational Linguistics: {H}uman Language Technologies} ({{NAACL}} {HLT} 2016)}},
	pages = {1095--1101},
	title = {Deep Lexical Segmentation and Syntactic Parsing in the {{Easy-First}} Dependency Framework},
	year = {2016}
}

@inproceedings{	  constant13mwe,
	author = {Constant, Matthieu and Candito, Marie and Seddah, Djam{\'e}},
	booktitle = {{Proceedings of the Fourth Workshop on {S}tatistical {P}arsing of {{M}orphologically-{R}}ich {L}anguages}},
	location = {Seattle, Washington, USA},
	pages = {46--52},
	publisher = {Association for Computational Linguistics},
	title = {The {{LIGM}-{A}}lpage architecture for the {SPMRL} 2013 Shared Task: {Multiword} Expression Analysis and Dependency Parsing},
	url = {http://aclweb.org/anthology/W13-4905},
	year = {2013}
}

@inproceedings{	  constant12acl,
	address = {Stroudsburg, PA, USA},
	author = {Constant, Matthieu and Sigogne, Anthony and Watrin, Patrick},
	booktitle = {{Proceedings of the 50th Annual Meeting of the {Association for Computational Linguistics}: {Long} Papers -- Volume 1}},
	location = {Jeju Island, Korea},
	pages = {204--212},
	publisher = {Association for Computational Linguistics},
	series = {ACL '12},
	title = {Discriminative Strategies to Integrate Multiword Expression Recognition and Parsing},
	url = {http://dl.acm.org/citation.cfm?id=2390524.2390554},
	year = {2012}
}

@inproceedings{	  constablecurran,
	author = {Constable, James and Curran, James},
	booktitle = {{Proceedings of the {Australasian} Language Technology Association Workshop 2009}},
	location = {Sydney, Australia},
	pages = {114--118},
	title = {Integrating {Verb-Particle} Constructions into {CCG} Parsing},
	url = {http://aclweb.org/anthology/U09-1017},
	year = {2009}
}

@inproceedings{	  conllx,
	address = {New York, NY},
	author = {Buchholz, Sabine and Marsi, Erwin},
	booktitle = {{Proceedings of the Tenth Conference on Computational Natural Language Learning ({{CoNLL-X}} 2006)}},
	pages = {149--164},
	title = {{{C}o{NLL}-{X}} {S}hared {T}ask on {M}ultilingual {D}ependency {P}arsing},
	year = {2006}
}

@inproceedings{	  collins1996new,
	address = {Santa Cruz, California},
	author = {Collins, Michael},
	booktitle = {{Proceedings of the 34th annual meeting of the {Association for Computational Linguistics} ({{ACL}} 1996)}},
	organization = {Association for Computational Linguistics},
	pages = {184--191},
	title = {{A} new statistical parser based on bigram lexical dependencies},
	year = {1996}
}

@inproceedings{	  collins-singer:1999-emnlp,
	address = {College Park, MD},
	author = {Collins, Michael and Singer, Yoram},
	booktitle = {{Proceedings of the Joint {{SIGDAT}} Conference on Empirical Methods in Natural Language Processing and Very Large Corpora ({EMNLP}-{VLC})}},
	pages = {100--110},
	publisher = {University of Maryland},
	title = {Unsupervised Models for Named Entity Classification},
	year = {1999}
}

@inproceedings{	  clark2002evaluating,
	author = {Clark, Stephen and Hockenmaier, Julia},
	booktitle = {{Proceedings of the {{LREC}} 2002 Beyond {PARSEVAL} workshop}},
	pages = {60--66},
	title = {Evaluating a wide-coverage {{CCG}} parser},
	year = {2002}
}

@inproceedings{	  choueka1988looking,
	address = {Cambridge, MA, USA},
	author = {Choueka, Yaacov},
	booktitle = {{Proceedings of the 2nd International Conference on {Computer-Assisted} Information Retrieval (Recherche d'Information Assist{\'e}e par Ordinateur) - {RIAO}'88}},
	pages = {609--624},
	title = {Looking for Needles in a Haystack or Locating Interesting Collocational Expressions in Large Textual Databases},
	year = {1988}
}

@inproceedings{	  charniak2000maximum,
	address = {Seattle, Washington},
	author = {Charniak, Eugene},
	booktitle = {{Proceedings of the 1st {{North} American} chapter of the {Association for Computational Linguistics} conference}},
	organization = {Association for Computational Linguistics},
	pages = {132--139},
	title = {A maximum-entropy-inspired parser},
	year = {2000}
}

@inproceedings{	  cctools,
	address = {Prague, Czech Republic},
	author = {Curran, James and Clark, Stephen and Bos, Johan},
	booktitle = {{Proceedings of the 45th Annual Meeting of the {Association for Computational Linguistics}, Companion Volume, Proceedings of the Demo and Poster Sessions}},
	pages = {33--36},
	publisher = {Association for Computational Linguistics},
	title = {Linguistically Motivated {Large-Scale} {NLP} with {C\&C} and Boxer},
	year = {2007}
}

@inproceedings{	  carpuat2010task,
	author = {Carpuat, Marine and Diab, Mona},
	booktitle = {{Human Language Technologies}: {T}he 2010 Annual {Conference of the {{North} American} Chapter of the {Association for Computational Linguistics} ({{NAACL/HLT}} 2010)}},
	organization = {Association for Computational Linguistics},
	pages = {242--245},
	title = {{T}ask-based evaluation of multiword expressions: {A} pilot study in statistical machine translation},
	year = {2010}
}

@inproceedings{	  candito:2010,
	address = {Beijing, China},
	author = {Candito, Marie and Nivre, Joakim and Denis, Pascal and Henestroza Anguiano, Enrique},
	bdsk-url-1 = {http://www.aclweb.org/anthology/C10-2013},
	booktitle = {{Proceedings of {{COLING}} 2010, 23rd International Conference on Computational Linguistics, Posters Volume}},
	pages = {108--116},
	title = {{B}enchmarking of {S}tatistical {D}ependency {P}arsers for {{French}}},
	year = {2010}
}

@inproceedings{	  candito:2009,
	address = {Paris, France},
	author = {Candito, Marie and Crabb{\'e}, Beno{\^\i}t},
	booktitle = {Proc. {O}f the 11th International {Conference on Parsing Technologies ({{IWPT}}'09)}},
	pages = {138--141},
	publisher = {Association for Computational Linguistics},
	title = {{I}mproving generative statistical parsing with semi-supervised word clustering},
	url = {http://www.aclweb.org/anthology/W09-3821},
	year = {2009}
}

@inproceedings{	  candito2014strategies,
	author = {Candito, Marie and Constant, Matthieu},
	booktitle = {{Proceedings of the 52nd Annual Meeting of the {A}ssociation for {C}omputational {L}inguistics (Volume 1: {L}ong Papers)}},
	location = {Baltimore, Maryland},
	pages = {743--753},
	publisher = {Association for Computational Linguistics},
	title = {{S}trategies for contiguous multiword expression analysis and dependency parsing},
	url = {http://aclweb.org/anthology/P14-1070},
	year = {2014}
}

@inproceedings{	  candito-seddah:2010:spmrl,
	address = {Los Angeles, California},
	author = {Candito, Marie and Seddah, Djam\'{e}},
	booktitle = {{Proceedings of the {{NAACL}} {HLT} 2010 First Workshop on Statistical Parsing of Morphologically-Rich Languages}},
	pages = {76--84},
	title = {{P}arsing {W}ord {C}lusters},
	year = {2010}
}

@inproceedings{	  calzolari2002towards,
	author = {Calzolari, Nicoletta and Fillmore, Charles J and Grishman, Ralph and Ide, Nancy and Lenci, Alessandro and MacLeod, Catherine and Zampolli, Antonio},
	booktitle = {{Proceedings of the Third International Conference on Language Resources and Evaluation ({{LREC}} 2002)}},
	location = {Las Palmas, Canary Islands, Spain},
	pages = {1934--1940},
	title = {{T}owards {B}est {P}ractice for {M}ultiword {{E}}xpressions in {C}omputational {L}exicons.},
	year = {2002}
}

@inproceedings{	  calzolari2002,
	address = {Morristown, NJ, USA},
	author = {Nicoletta Calzolari and Alessandro Lenci and Francesca Bertagna and Antonio Zampolli},
	booktitle = {{COLING} '02: {P}roceedings of the 3rd workshop on {{Asian}} language resources and international standardization},
	pages = {1--8},
	publisher = {Association for Computational Linguistics},
	title = {{B}roadening the scope of the {{EAGLES}/{ISLE}} lexical standardization initiative},
	year = {2002}
}

@inproceedings{	  cafferkey07,
	address = {Borovets, Bulgaria},
	author = {Cafferkey, Conor and Hogan, Deirdre and van Genabith, Josef},
	booktitle = {{Proceedings of the International Conference on Recent Advances in Natural Language Processing ({{RANLP}} 2007)}},
	title = {Multi-word units in treebank-based probabilistic parsing and generation},
	year = {2007}
}

@inproceedings{	  brun:1998,
	address = {Montreal, QC},
	author = {Brun, Caroline},
	booktitle = {{{COLING}} 1998 Volume 1: {The} 17th International {Conference on Computational Linguistics}},
	pages = {196--200},
	title = {Terminology Finite-state preprocessing for computational {{LFG}}},
	year = {1998}
}

@inproceedings{	  boulaknadel2008multiterm,
	address = {Marrakech, Morocco},
	author = {Boulaknadel, Siham and Daille, B{\'e}atrice and Aboutajdine, Driss},
	booktitle = {{Proceedings of the International Conference on Language Resources and Evaluation ({{LREC}} 2008)}},
	pages = {1485--1488},
	title = {{A} multiterm extraction program for {{Arabic}} language},
	year = {2008}
}

@inproceedings{	  bouamor2012study,
	address = {Rabat, Morocco},
	author = {Bouamor, Dhouha and Semmar, Nasredine and Zweigenbaum, Pierre},
	booktitle = {{Proceedings of the Fourth International Conference on {{Arabic}} Language Processing ({{CITALA}}-2012)}},
	pages = {71--76},
	title = {{A} study in using {{{English}}-{Arabic}} {M}ulti{W}ord {E}xpressions for {S}tatistical {M}achine {T}ranslation},
	year = {2012}
}

@inproceedings{	  bouamor2012identifying,
	address = {Istanbul, Turkey},
	author = {Bouamor, Dhouha and Semmar, Nasredine and Zweigenbaum, Pierre},
	booktitle = {{Proceedings of the Eigth International Conference on Language Resources and Evaluation ({{LREC}} 2012)}},
	pages = {674--679},
	title = {{I}dentifying bilingual {{M}ulti-{W}}ord {{E}}xpressions for {S}tatistical {M}achine {T}ranslation.},
	year = {2012}
}

@inproceedings{	  bouamor2012automatic,
	address = {Mumbai, India},
	author = {Bouamor, Dhouha and Semmar, Nasredine and Zweigenbaum, Pierre},
	booktitle = {{Proceedings of the 3rd Workshop on {Cognitive Aspects of the Lexicon} ({{CogALex-III}})}},
	pages = {95--108},
	title = {{A}utomatic construction of a multiword expressions bilingual lexicon: {A} statistical machine translation evaluation perspective},
	year = {2012}
}

@inproceedings{	  blunsom-baldwin:2006:emnlp,
	address = {Sydney},
	author = {Blunsom, Phil and Baldwin, Timothy},
	booktitle = {{Proceedings of the 2006 Conference on Empirical Methods in Natural Language Processing ({{EMNLP}} 2006)}},
	pages = {164--171},
	title = {{M}ultilingual {D}eep {L}exical {A}cquisition for {{HPSG}}s via {S}upertagging},
	year = {2006}
}

@inproceedings{	  birch2007ccg,
	author = {Birch, Alexandra and Osborne, Miles and Koehn, Philipp},
	booktitle = {{Proceedings of the Second Workshop on Statistical Machine Translation}},
	organization = {Association for Computational Linguistics},
	pages = {9--16},
	title = {{{CCG}} Supertags in Factored Statistical Machine Translation},
	year = {2007}
}

@inproceedings{	  bilgram-keson:1998:nodalida,
	address = {Copenhagen, Denmark},
	author = {Bilgram, Thomas and Keson, Britt},
	booktitle = {{Proceedings of the 11th {Nordic} Conference of Computational Linguistics ({{NODALIDA}} 1998)}},
	pages = {129--139},
	publisher = {Center for Sprogteknologi, University of Copenhagen, Denmark},
	title = {The Construction of a Tagged {Danish} Corpus},
	url = {http://www.aclweb.org/anthology/W98-1614},
	year = {1998}
}

@inproceedings{	  besancon2010,
	author = {R. Besançon and De Chalendar, G. and O. Ferret and F. Gara and M. Laib and O. Mesnard and N. Semmar},
	booktitle = {{Proceedings of the Seventh International Conference on Language Resources and Evaluation ({{LREC}} 2010)}},
	pages = {3697--3704},
	title = {{{LIMA}}: {A} Multilingual Framework of Linguistic Analysis and Linguistic Resources Development and Evaluation},
	year = {2010}
}

@inproceedings{	  barbu2004,
	address = {Louvain-la-Neuve, Belgium},
	author = {Barbu, Ana Maria},
	booktitle = {{Proceedings of the 7th International Conference on the Statistical Analysis of Textual Data ({{JADT}} 2004)}},
	pages = {88--98},
	title = {Simple linguistic methods for improving a word alignment algorithm},
	year = {2004}
}

@inproceedings{	  bansal:11,
	address = {Portland, Oregon},
	author = {Bansal, Mohit and Klein, Dan},
	booktitle = {{Proceedings of the 49th Annual Meeting of the {Association for Computational Linguistics}: {Human Language Technologies} ({{ACL-HLT}}'11)}},
	pages = {693--702},
	title = {Web-scale features for full-scale parsing},
	url = {http://www.aclweb.org/anthology/P11-1070},
	year = {2011}
}

@inproceedings{	  attia2006,
	address = {Berlin, Heidelberg},
	author = {Attia, Mohammed A.},
	booktitle = {Advances in Natural Language Processing: 5th International {Conference, {{FinTAL}}, {P}roceedings}},
	editor = {Salakoski, Tapio and Ginter, Filip and Pahikkala, Tapio and Pyysalo, Tampo},
	number = {4139},
	pages = {87--98},
	publisher = {Springer},
	series = {Lecture Notes in Computer Science},
	title = {{A}ccommodating {M}ultiword {{E}}xpressions in an {Arabic} {{LFG}} {G}rammar},
	year = {2006}
}

@inproceedings{	  arun05,
	author = {Arun, Abhishek and Keller, Frank},
	booktitle = {{Proceedings of the 43rd Annual Meeting of the {Association for Computational Linguistics} ({{ACL}}'05)}},
	location = {Ann Arbor, Michigan},
	pages = {306--313},
	publisher = {Association for Computational Linguistics},
	title = {Lexicalization in crosslinguistic probabilistic parsing: {T}he case of {{French}}},
	url = {http://aclweb.org/anthology/P05-1038},
	year = {2005}
}

@inproceedings{	  angelov:android,
	author = {Angelov, Krasimir and Bringert, Bj{\"o}rn and Ranta, Aarne},
	booktitle = {{Proceedings of the Demonstrations at the 14th Conference of the {European} Chapter of the Association for Computational Linguistics}},
	location = {Gothenburg, Sweden},
	pages = {41--44},
	publisher = {Association for Computational Linguistics},
	title = {{Speech-Enabled} Hybrid Multilingual Translation for Mobile Devices},
	url = {http://aclweb.org/anthology/E14-2011},
	year = {2014}
}

@inproceedings{	  angelov:2009:icl,
	address = {Berlin, Heidelberg},
	author = {Angelov, Krasimir and Ranta, Aarne},
	booktitle = {{Proceedings of the Workshop on Controlled Natural Language}},
	location = {Marettimo Island, Italy},
	pages = {82--101},
	publisher = {Springer-Verlag},
	series = {CNL'09},
	title = {{I}mplementing controlled languages in {{GF}}},
	year = {2010}
}

@inproceedings{	  angelov2015orthography,
	address = {Beijing, China},
	author = {Angelov, Krasimir},
	booktitle = {{Proceedings of the {G}rammar {{E}}ngineering {A}cross {F}rameworks ({{G{E}AF}}) Workshop, 53rd Annual Meeting of the {ACL} and 7th {IJCNLP}}},
	pages = {33--40},
	title = {Orthography Engineering in {Grammatical Framework}},
	year = {2015}
}

@inproceedings{	  alegria04,
	address = {Barcelona, Spain},
	author = {Alegria, I\~{n}aki and Ansa, Olatz and Artola, Xabier and Ezeiza, Nerea and Gojenola, Koldo and Urizar, Ruben},
	booktitle = {Second {{ACL}} {Workshop on Multiword Expressions: {Integrating} Processing}},
	editor = {Takaaki Tanaka and Aline Villavicencio and Francis Bond and Anna Korhonen},
	pages = {48--55},
	publisher = {Association for Computational Linguistics},
	title = {{R}epresentation and {T}reatment of {M}ultiword {{E}}xpressions in {Bas\-que}},
	year = {2004}
}

@inproceedings{	  abney1991procedure,
	address = {Stroudsburg, PA, USA},
	author = {Black, E. and Abney, S. and Flickenger, S. and Gdaniec, C. and Grishman, C. and Harrison, P. and Hindle, D. and Ingria, R. and Jelinek, F. and Klavans, J. and Liberman, M. and Marcus, M. and Roukos, S. and Santorini, B. and Strzalkowski, T.},
	booktitle = {{Proceedings of the Workshop on Speech and Natural Language}},
	doi = {10.3115/112405.112467},
	location = {Pacific Grove, California},
	numpages = {6},
	pages = {306--311},
	publisher = {Association for Computational Linguistics},
	title = {Procedure for Quantitatively Comparing the Syntactic Coverage of {{English}} Grammars},
	year = {1991}
}

@incollection{ sheinfux:wg2:book,
	address = {Berlin},
	author = {Sheinfux, Livnat Herzig and Greshler, Tali Arad and Melnik, Nurit and Wintner, Shuly},
	booktitle = {Representation and parsing of multiword expressions: {Current} trends},
	editor = {Parmentier, Yannick and Waszczuk, Jakub},
	pages = {35--68},
	publisher = {Language Science Press},
	title = {Verbal Multiword Expressions: {I}diomaticity and flexibility},
	year = {2019}
}

@incollection{ semmar:wg2:book,
	address = {Berlin},
	author = {Semmar, Nasredine and Servan, Christophe and Laib, Meriama and Bouamor, Dhouha and Marchand, Morgane},
	booktitle = {Representation and parsing of multiword expressions: {Current} trends},
	editor = {Parmentier, Yannick and Waszczuk, Jakub},
	pages = {241--270},
	publisher = {Language Science Press},
	title = {Extracting and aligning multiword expressions from parallel corpora},
	year = {2019}
}

@incollection{ markantonatou:wg2:book,
	address = {Berlin},
	author = {Markantonatou, Stella and Samaridi, Niki and Minos, Panagiotis},
	booktitle = {Representation and parsing of multiword expressions: {Current} trends},
	editor = {Parmentier, Yannick and Waszczuk, Jakub},
	pages = {109--127},
	publisher = {Language Science Press},
	title = {Issues in parsing {{MWEs}} in an {LFG/XLE} framework},
	year = {2019}
}

@incollection{ lichte:wg2:book,
	address = {Berlin},
	author = {Lichte, Timm and Petitjean, Simon and Savary, Agata and Waszczuk, Jakub},
	booktitle = {Representation and parsing of multiword expressions: {Current} trends},
	editor = {Parmentier, Yannick and Waszczuk, Jakub},
	pages = {1--33},
	publisher = {Language Science Press},
	title = {Lexical encoding formats for multi-word expressions: {T}he challenge of ``irregular'' regularities},
	year = {2019}
}

@incollection{ jacquet:wg2:book,
	address = {Berlin},
	author = {Jacquet, Guillaume and Ehrmann, Maud and Piskorski, Jakub and Tanev, Hristo and Steinberger, Ralf},
	booktitle = {Representation and parsing of multiword expressions: {Current} trends},
	editor = {Parmentier, Yannick and Waszczuk, Jakub},
	pages = {271--300},
	publisher = {Language Science Press},
	title = {Cross-lingual linking of multi-word entities and language-dependent learning of multi-word entity patterns},
	year = {2019}
}

@incollection{ foufi:wg2:book,
	address = {Berlin},
	author = {Foufi, Vasiliki and Nerima, Luka and Wehrli, Eric},
	booktitle = {Representation and parsing of multiword expressions: {Current} trends},
	editor = {Parmentier, Yannick and Waszczuk, Jakub},
	pages = {219--240},
	publisher = {Language Science Press},
	title = {Multilingual parsing and {{M}{W}{{E}}} detection},
	year = {2019}
}

@incollection{ dyvik:wg2:book,
	address = {Berlin},
	author = {Dyvik, Helge and Losnegaard, Gyri Sm{\o}rdal and Ros{\'e}n, Victoria},
	booktitle = {Representation and parsing of multiword expressions: {Current} trends},
	editor = {Parmentier, Yannick and Waszczuk, Jakub},
	pages = {69--107},
	publisher = {Language Science Press},
	sortname = {Dyvik, Helge and Losnegaard, Gyri Sm{\o}rdal and Ros{e}n, Victoria},
	title = {Multiword expressions in an {{LFG}} grammar for {{Norwegian}}},
	year = {2019}
}

@incollection{ delhoneux:wg2:book,
	address = {Berlin},
	author = {{de Lhoneux}, Miryam and Abend, Omri and Steedman, Mark},
	booktitle = {Representation and parsing of multiword expressions: {Current} trends},
	editor = {Parmentier, Yannick and Waszczuk, Jakub},
	pages = {185--217},
	publisher = {Language Science Press},
	title = {Investigating the effect of automatic {{MWE}} recognition on {CCG} parsing},
	year = {2019}
}

@incollection{ constant:wg2:book,
	address = {Berlin},
	author = {Constant, Mathieu and Eryi{\v{g}}it, G{\"u}l\c{s}en and Ramisch, Carlos and Rosner, Mike and Schneider, Gerold},
	booktitle = {Representation and parsing of multiword expressions: {Current} trends},
	editor = {Parmentier, Yannick and Waszczuk, Jakub},
	pages = {149--184},
	publisher = {Language Science Press},
	sortname = {Constant, Mathieu and Eryi{{g}}it, G{u}l\c{s}en and Ramisch, Carlos and Rosner, Mike and Schneider, Gerold},
	title = {Statistical {MWE-aware} parsing},
	year = {2019}
}

@incollection{ angelov:wg2:book,
	address = {Berlin},
	author = {Angelov, Krasimir},
	booktitle = {Representation and parsing of multiword expressions: {Current} trends},
	editor = {Parmentier, Yannick and Waszczuk, Jakub},
	pages = {129--148},
	publisher = {Language Science Press},
	title = {Multiword expressions in multilingual applications within the {Grammatical Framework}},
	year = {2019}
}

@incollection{	  wn15,
	address = {\biberror{no address}},
	author = {Wehrli, Eric and Nerima, Luka},
	booktitle = {{Language Production Cognition, and the Lexicon}, Festschrift in honour of {Michael} {Zock}},
	editor = {N. Gala and R. Rapp and G. Bel-Enquix},
	pages = {473--489},
	publisher = {Springer},
	title = {The {Fips} Multilingual Parser},
	year = {2015}
}

@incollection{	  weeds-ea07,
	address = {Amsterdam/Philadelphia},
	author = {Weeds, Julie and Dowdall, James and Schneider, Gerold and Keller, Bill and Weir, David},
	booktitle = {{Appli\-cation-Driven} Terminology Engineering},
	editor = {Ibekwe-SanJuan, Fidelia and Condamines, Anne and {Cabr{\'e} Castellv{\'\i}}, {M. Teresa}},
	pages = {\biberror{no pages}},
	publisher = {Benjamins},
	title = {{{U}}sing Distributional Similarity to organise {BioMedical} Terminology},
	year = {2007}
}

@incollection{	  tomasello98,
	address = {\biberror{no address}},
	author = {Michael Tomasello},
	booktitle = {A Companion to Cognitive Science},
	editor = {W. Bechtel and G. Graham},
	pages = {\biberror{no pages}},
	publisher = {Basil Blackwell},
	title = {{C}ognitive linguistics},
	year = {1998}
}

@incollection{	  schenk95,
	address = {Hillsdale},
	author = {Andr\'e Schenk},
	booktitle = {Idioms: {S}tructural and Psychological Perspectives},
	editor = {M. Everaert and E. van der Linden and A. Schen and R. Schreuder},
	pages = {253--272},
	publisher = {Lawrence Erlbaum Associates},
	sortname = {Andre Schenk},
	title = {{T}he Syntactic Behavior of Idioms},
	year = {1995}
}

@incollection{	  rosen07lfg,
	address = {Stanford},
	author = {Ros{\'e}n, Victoria and Meurer, Paul and De Smedt, Koenraad},
	booktitle = {The {Proceedings of the {{LFG}'07} Conference}},
	editor = {King, Tracy Holloway and Butt, Miriam},
	pages = {397--417},
	publisher = {{CSLI} Publications},
	sortname = {Ros{e}n, Victoria and Meurer, Paul and De Smedt, Koenraad},
	title = {Designing and Implementing Discriminants for {{LFG}} Grammars},
	year = {2007}
}

@incollection{	  rao-13,
	address = {\biberror{no address}},
	author = {D. Rao and P. McNamee and M. Dredze},
	booktitle = {Multi-source, Multilingual Information Extraction and Summarization},
	editor = {\biberror{no editor}},
	pages = {93--115},
	publisher = {Springer},
	sortname = {D. Rao and P. McNamee and M. Dredze},
	title = {{{E}}ntity Linking: {F}inding {E}xtracted {E}ntities in a Knowledge Base},
	year = {2013}
}

@incollection{	  pawley-syder83,
	address = {London},
	author = {Andrew Pawley and Frances Hodgetts Syder},
	booktitle = {Language and Communication},
	editor = {J. C. Richards and R. W. Schmidt},
	pages = {191--226},
	publisher = {Longman},
	title = {{T}wo {P}uzzles for {L}inguistic {T}heory: {N}ative-like selection and native-like fluency},
	year = {1983}
}

@incollection{	  odijk:13,
	address = {\biberror{no address}},
	author = {Odijk, Jan},
	booktitle = {{{LMF}: {L}exical Markup Framework}},
	chapter = {9},
	editor = {Gil Francopoulo},
	pages = {133--144},
	publisher = {Wiley-ISTE},
	title = {{{DUELME}}: {D}utch Electronic Lexicon of Multiword Expressions},
	year = {2013}
}

@incollection{	  markantonatou2017,
	address = {\biberror{no address}},
	author = {Markantonatou, Stella and Niki Samaridi},
	booktitle = {Mutliword Expressions: {I}nsights from a Multi-lingual Perspective},
	doi = {10.5281/zenodo.1182599},
	editor = {Manfred Sailer and Stella Markantonatou},
	pages = {187--213},
	publisher = {Language Science Press},
	title = {Revisiting the grammatical function “οbject” ({{OBJ}} and {{OBJ}\textsubscript{θ}})},
	year = {2018}
}

@incollection{	  lehmann-schneider2011:verb-pp,
	address = {Helsinki},
	author = {Hans Martin Lehmann and Gerold Schneider},
	booktitle = {Studies in Variation, Contacts and Change in {{E}}nglish, {Volume 6: {M}}ethodological and Historical Dimensions of Corpus Linguistics},
	editor = {Hoffmann, S. and Rayson, P. and Leech, G.},
	pages = {\biberror{no pages}},
	publisher = {Varieng},
	title = {{A} large-scale investigation of verb-attached prepositional phrases},
	year = {2011}
}

@incollection{	  hoffmann2013,
	address = {\biberror{no address}},
	author = {Thomas Hoffmann and Graeme Trousdale},
	booktitle = {The {O}xford Handbook of {Construction Grammar}},
	editor = {Thomas Hoffmann and Graeme Trousdale},
	pages = {1--14},
	publisher = {Oxford University Press},
	series = {Oxford Handbooks in Linguistics},
	title = {Construction Grammar: {I}ntroduction},
	year = {2013}
}

@incollection{	  gross:94,
	address = {Oxford},
	author = {Maurice Gross},
	booktitle = {Computational Approaches to the Lexicon},
	editor = {B. T.S. Atkins and A. Zampolli},
	pages = {213--263},
	publisher = {Oxford University Press},
	title = {{C}onstructing {{L}exicon-{G}}rammars},
	year = {1994}
}

@incollection{	  dyvik00en,
	address = {Oslo},
	author = {Dyvik, Helge},
	booktitle = {Menneske, spr{\aa}k og felleskap},
	editor = {Andersen, {\O}ivin and Fl{\o}ttum, Kjersti and Kinn, Torodd},
	pages = {25--45},
	publisher = {Novus forlag},
	title = {{N}{\o}dvendige noder i norsk: {Grunntrekk} i en leksikalsk-funks\-jonell beskrivelse av norsk syntaks [{N}ecessary nodes in {{Norwegian}}: {B}asic properties of a lexical-functional description of {{Norwegian}} syntax]},
	year = {2000}
}

@incollection{	  doron08,
	address = {Jerusalem},
	author = {Doron, Edit},
	booktitle = {Modern Linguistics of {H}ebrew},
	editor = {Hatav, Galia},
	note = {In Hebrew},
	pages = {57--88},
	publisher = {Magnes Press},
	title = {{T}he contribution of the template to verb meaning},
	year = {2008}
}

@incollection{	  chomsky77,
	address = {San Francisco, London},
	author = {Chomsky, Noam},
	booktitle = {Formal syntax},
	editor = {Culicover, P. W. and Wasw, T. and Akmajian, A.},
	pages = {\biberror{no pages}},
	publisher = {Academic Press},
	title = {{O}n {W}h-movement},
	year = {1977}
}

@incollection{	  carroll-ea04,
	address = {Dordrecht},
	author = {John Carroll and Guido Minnen and Edward Briscoe},
	booktitle = {Treebanks: {B}uilding and Using Parsed Corpora},
	editor = {Anne Abeill\'e},
	pages = {299--316},
	publisher = {Kluwer},
	title = {{P}arser evaluation:{{U}}sing a grammatical relation annotation scheme},
	year = {2003}
}

@incollection{	  blank2000terminology,
	address = {\biberror{no address}},
	author = {Blank, Ingeborg},
	booktitle = {Parallel Text Processing},
	editor = {\biberror{no editor}},
	pages = {237--252},
	publisher = {Springer},
	title = {Terminology extraction from parallel technical texts},
	year = {2000}
}

@incollection{	  barz1996komposition,
	address = {\biberror{no address}},
	author = {Barz, Irmhild},
	booktitle = {Nomination -- fachsprachlich und gemeinsprachlich},
	editor = {Clemens Knobloch and Burkhard Schaeder},
	pages = {127--146},
	publisher = {Springer},
	title = {{K}omposition und {K}ollokation},
	year = {1996}
}

@incollection{	  baldwin10,
	address = {Boca Raton, FL, USA},
	author = {Baldwin, Timothy and Kim, Su Nam},
	booktitle = {Handbook of Natural Language Processing},
	chapter = {12},
	edition = {Second edition},
	editor = {Indurkhya, Nitin and Damerau, Fred J.},
	pages = {267--292},
	publisher = {Chapman and Hall/CRC},
	title = {Multiword Expressions},
	year = {2010}
}

@inbook{	  petitjean2016,
	address = {Berlin, Heidelberg},
	author = {Petitjean, Simon and Duchier, Denys and Parmentier, Yannick},
	booktitle = {Logical Aspects of Computational Linguistics. {C}elebrating 20 Years of {LACL} (1996--2016): 9th International {Conference, {LACL} 2016, Nancy, {France}, December 5-7, 2016, Proceedings}},
	editor = {Amblard, Maxime and de Groote, Philippe and Pogodalla, Sylvain and Retor{\'e}, Christian},
	pages = {255--272},
	publisher = {Springer},
	title = {{{XMG}}2: {D}escribing {D}escription {L}anguages},
	year = {2016}
}

@book{hpsg1,
	abstract = {HPSG - first version},
	address = {Stanford},
	author = {Pollard, Carl and Sag, Ivan A.},
	keywords = {hpsg},
	number = {13},
	publisher = {CSLI},
	series = {{CSLI} Lecture Notes},
	sortname = {Pollard, Carl and Sag, Ivan A.},
	title = {{I}nformation-based syntax and semantics},
	year = {1987}
}

@book{            bresnanlfs,
	address = {Malden, MA},
	author = {Bresnan, Joan},
	publisher = {Blackwell},
	title = {{Lexical-Functional} Syntax},
	year = {2001}
}

@book{		  wray08,
	address = {\biberror{no address}},
	author = {Alison Wray},
	publisher = {Oxford University Press},
	title = {{F}ormulaic Language: {Pushing} the Boundaries},
	year = {2008}
}

@book{		  wordnet,
	address = {\biberror{no address}},
	booktitle = {{{WordNet}}: {A}n Electronic Lexical Database},
	editor = {Christiane Fellbaum},
	publisher = {MIT Press},
	series = {Language, Speech and Communication},
	title = {{{WordNet}}: {A}n Electronic Lexical Database},
	year = {1998}
}

@book{		  tesniere:1959,
	address = {\biberror{no address}},
	author = {Tesni{\`e}re, Lucien},
	publisher = {Klincksieck},
	sortname = {Tesni{e}re, Lucien},
	title = {{{E}}l{\'e}ments de syntaxe structurale},
	year = {1959}
}

@book{		  steedman2000,
	address = {Cambridge, MA, USA},
	author = {Steedman, Mark},
	publisher = {MIT Press},
	title = {The Syntactic Process},
	year = {2000}
}

@book{		  sinclair91,
	address = {Oxford},
	author = {John Sinclair},
	publisher = {Oxford University Press},
	title = {Corpus, Concordance, Collocation},
	year = {1991}
}

@book{		  shieber:86,
	address = {Stanford, CA},
	author = {Shieber, Stuart M.},
	number = {4},
	publisher = {CSLI},
	series = {CSLI Lecture Notes Series},
	sortname = {Shieber, Stuart M.},
	title = {{A}n Introduction to {Unification-Based} Approaches to Grammar},
	year = {1986}
}

@book{		  seretan11,
	address = {Dordrecht},
	author = {Violeta Seretan},
	number = {44},
	publisher = {Springer},
	series = {Text, Speech and Language Technology},
	title = {{{S}yntax-Based} Collocation Extraction},
	year = {2011}
}

@book{		  ranta-2011,
	address = {Stanford},
	author = {Aarne Ranta},
	publisher = {{CSLI Pu\-blications}},
	title = {{G}rammatical {F}ramework: {P}rogramming with Multilingual Gra\-mmars},
	year = {2011}
}

@book{		  moon98,
	address = {Oxford},
	author = {Moon, Rosamund},
	publisher = {Oxford University Press},
	title = {{F}ixed {E}xpressions and Idioms in {{E}}nglish: {A} {Corpus-Based} Approach},
	year = {1998},
}

@book{		  melcuketal:88,
	address = {\biberror{no address}},
	author = {Mel'{\v{c}}uk, Igor and Arbatchewsky-Jumarie, Nadia and Dagenais, Louise and Elnitsky, L{\'e}o and Iordanskaja, Lidi\-ja and Lefebvre, Marie-No{\"e}lle and Mantha, Suzanne},
	number = {II},
	publisher = {Presses de l'Univ. de Montr{\'e}al},
	series = {Recherches lexico-s{\'e}mantiques},
	sortname = {Mel'{{c}}uk, Igor and Arbatchewsky-Jumarie, Nadia and Dagenais, Louise and Elnitsky, L{e}o and Iordanskaja, Lidi\-ja and Lefebvre, Marie-No{e}lle and Mantha, Suzanne},
	title = {{D}ictionnaire explicatif et combinatoire du fran{\c{c}}ais contemporain: {R}echerches lexico-s{\'e}manti\-ques},
	year = {1988}
}

@book{		  lkb-book,
	address = {Stanford},
	author = {Copestake, Ann},
	publisher = {CSLI Publications},
	title = {{I}mplementing {T}yped {F}eature {S}tructure {G}rammars},
	year = {2002}
}

@book{		  jackendoff1997architecture,
	address = {Cambridge, MA, USA},
	author = {Jackendoff, Ray},
	number = {28},
	publisher = {MIT Press},
	title = {{T}he architecture of the language faculty},
	year = {1997}
}

@book{		  gaussier2011modeles,
	address = {\biberror{no address}},
	author = {Gaussier, {\'E}ric and Yvon, Fran{\c{c}}ois},
	publisher = {Lavoisier},
	sortname = {Gaussier, {E}ric and Yvon, Fran{\c{c}}ois},
	title = {{M}od{\`e}les statistiques pour l'acc{\`e}s {\`a} l'informa\-tion textuelle},
	year = {2011}
}

@book{		  dalrymplelfg,
	address = {San Diego, CA},
	author = {Dalrymple, Mary},
	booktitle = {Lexical Functional Grammar},
	number = {34},
	publisher = {Academic Press},
	series = {Syntax and Semantics},
	title = {Lexical Functional Grammar},
	year = {2001}
}

@book{		  chomsky1957,
	address = {The Hague},
	author = {Chomsky, Noam},
	publisher = {Mouton},
	title = {{S}yntactic {S}tructures},
	year = {1957}
}

@article{	  wren-02,
	author = {Wren, Jonathan D. and Garner, Harold R.},
	journal = {Methods of Information in Medicine},
	number = {5},
	pages = {426--434},
	sortname = {Wren, Jonathan D. and Garner, Harold R.},
	title = {{H}euristics for Identification of {Acronym-Defini}\-tion Patterns within Text: {T}owards an Automated Construction of Comprehensive {Acronym-Defini}tion Dictionaries},
	volume = {41},
	year = {2002}
}

@article{	  white2006efficient,
	author = {White, Michael},
	journal = {{Research on Language and Computation}},
	number = {1},
	pages = {39--75},
	publisher = {Springer},
	title = {Efficient Realization of Coordinate Structures in {Combinatory Categorial Grammar}},
	volume = {4},
	year = {2006}
}

@article{	  webelhuthackerman99,
	author = {Webelhuth, Gert and Ackerman, Farrell},
	journal = {American Journal of Germanic Linguistics and Literatures},
	number = {01},
	pages = {1--61},
	publisher = {Cambridge Univ Press},
	title = {{A} lexical-functional analysis of predicate topicalization in {G}erman},
	volume = {11},
	year = {1999}
}

@article{	  titoneconnine94,
	author = {Titone, Debra A. and Connine, Cynthia M.},
	journal = {Metaphor and Symbol},
	number = {4},
	pages = {247--270},
	publisher = {Taylor \& Francis},
	sortname = {Titone, Debra A. and Connine, Cynthia M.},
	title = {{D}escriptive norms for 171 idiomatic expressions: {F}amiliarity, compositionality, predictability, and literality},
	volume = {9},
	year = {1994}
}

@article{	  taghva-99,
	author = {Taghva, Kazen and Gilbreth, Jeff},
	journal = {International Journal on Document Analysis and Recognition},
	number = {4},
	pages = {191--198},
	title = {{R}ecognizing Acronyms and their Definitions},
	volume = {1},
	year = {1999}
}

@article{	  seretan2013,
	author = {Seretan, Violeta},
	issn = {2227-9709},
	journal = {Informatics},
	number = {1},
	pages = {11--31},
	title = {On Collocations and Their Interaction with Parsing and Translation},
	volume = {1},
	year = {2013}
}

@article{	  seki91:mcfg,
	address = {Essex, UK},
	author = {Seki, Hiroyuki and Matsumura, Takashi and Fujii, Mamoru and Kasami, Tadao },
	journal = {{T}heoretical {C}omputer {S}cience},
	number = {2},
	pages = {191--229},
	publisher = {Elsevier Science Publishers Ltd.},
	title = {{O}n multiple context-free grammars},
	volume = {88},
	year = {1991}
}

@article{	  schneider14,
	author = {Schneider, Nathan and Danchik, Emily and Dyer, Chris and Smith, Noah A.},
	journal = {Transactions of the {Association for Computational Linguistics} ({TACL})},
	pages = {193--206},
	sortname = {Schneider, Nathan and Danchik, Emily and Dyer, Chris and Smith, Noah A.},
	title = {{D}iscriminative lexical semantic segmentation with gaps: {R}unning the {{MWE}} gamut},
	volume = {2},
	year = {2014}
}

@article{	  savary:08,
	author = {Agata Savary},
	journal = {Linguistic Issues in Language Technology},
	number = {2},
	pages = {1--53},
	title = {{C}omputational Inflection of {Multi-Word} Units: {A} contrasti\-ve study of lexical approaches},
	volume = {1},
	year = {2008}
}

@article{	  salton1975vector,
	author = {Salton, G. and Wong, A. and Yang, C. S.},
	journal = {Communications of the ACM},
	number = {11},
	pages = {613--620},
	publisher = {ACM},
	sortname = {Salton, G. and Wong, A. and Yang, C. S.},
	title = {{A} vector space model for automatic indexing},
	volume = {18},
	year = {1975}
}

@article{	  sagot:2005,
	author = {Sagot, Beno{\^\i}t and Boullier, Pierre},
	hal_id = {inria-00521228},
	hal_version = {v1},
	journal = {{Archives of Control Sciences}},
	number = {4},
	pages = {653--662},
	publisher = {{P}olish Academy of Sciences},
	sortname = {Sagot, Beno{\i}t and Boullier, Pierre},
	title = {{From raw corpus to word lattices: {R}obust pre-parsing processing with {SxPipe}}},
	volume = {15},
	year = {2005}
}

@article{	  rosen16lre,
	author = {Ros{\'e}n, Victoria and Thunes, Martha and Haugereid, Petter and Losnegaard, Gyri Sm{\o}rdal and Dyvik, Helge and Meurer, Paul and Lyse, Gunn Inger and De Smedt, Koenraad},
	issuetitle = {Special Issue: {LREC}2014: {S}tate of the Art in Language Resources and Evaluation},
	journal = {Language Resources and Evaluation},
	number = {2},
	pages = {291--319},
	sortname = {Ros{e}n, Victoria and Thunes, Martha and Haugereid, Petter and Losnegaard, Gyri Sm{\o}rdal and Dyvik, Helge and Meurer, Paul and Lyse, Gunn Inger and De Smedt, Koenraad},
	title = {{T}he enrichment of lexical resources through incremental parsebanking},
	volume = {50},
	year = {2016}
}

@article{	  ronan_schneider_mwe_15,
	author = {Ronan, Patricia and Schneider, Gerold},
	journal = {International Journal of Corpus Linguistics},
	number = {3},
	pages = {326--354},
	title = {{D}etermining Light Verb Constructions in Contemporary {{British}} and {Irish} {English}},
	volume = {20},
	year = {2015}
}

@article{	  ramisch2013introduction,
	author = {Ramisch, Carlos and Villavicencio, Aline and Kordoni, Valia},
	journal = {ACM Transactions on Speech and Language Processing (TSLP)},
	number = {2},
	pages = {3},
	publisher = {ACM},
	title = {{I}ntroduction to the special issue on multiword expressions: {F}rom theory to practice and use},
	volume = {10},
	year = {2013}
}

@article{	  pustejovsky-01,
	author = {J. Pustejovsky James and Jos\'e Castano and Brent Cochran and Maciej Kotecki and Michael Morrell},
	journal = { Studies in health technology and informatics},
	pages = {371--375},
	sortname = {J. Pustejovsky James and Jose Castano and Brent Cochran and Maciej Kotecki and Michael Morrell},
	title = {{A}utomatic extraction of acronym-meaning pairs from {{MEDLINE}} databases},
	volume = {1},
	year = {2001}
}

@article{	  prz:etal:16,
	author = {Przepi\'orkowski, Adam and Haji{\v{c}}, Jan and Hajnicz, El\.{z}bieta and Ure{\v{s}}ov\'a, Zde{\v{n}}ka},
	journal = {International Journal of Lexicography},
	pages = {\biberror{no pages}},
	sortname = {Przepiorkowski, Adam and Haji{{c}}, Jan and Hajnicz, El\.{z}bieta and Ure{{s}}ova, Zde{{n}}ka},
	title = {{P}hra\-seology in two {S}lavic {V}alency {D}ictionaries: {Limitations} and {P}erspectives},
	volume = {29},
	year = {2016}
}

@article{	  okazaki-10,
	author = {Okazaki, Naoaki and Ananiadou, Sophia and Tsujii, Jun'ichi},
	issue = {9},
	journal = {Bioinformatics},
	pages = {1246--1253},
	sortname = {Okazaki, Naoaki and Ananiadou, Sophia and Tsujii, Jun'ichi},
	title = {{B}uilding a high-quality sense inventory for improved abbreviation disambiguation},
	volume = {26},
	year = {2010}
}

@article{	  okazaki-06,
	author = {Okazaki, Naoaki and Ananiadou, Sophia},
	issue = {24},
	journal = {Bioinformatics},
	pages = {3089--3095},
	title = {{B}uilding an abbreviation dictionary using a term recognition approach},
	volume = {22},
	year = {2006}
}

@article{	  nunberg94,
	author = {Nunberg, Geoffrey and Sag, {Ivan A.} and Wasow, Thomas},
	issn = {0097-8507},
	journal = {Language},
	number = {3},
	pages = {491--538},
	publisher = {Linguistic Society of America},
	sortname = {Nunberg, Geoffrey and Sag, {Ivan A.} and Wasow, Thomas},
	title = {{Idioms}},
	volume = {70},
	year = {1994}
}

@article{	  nothman:2013:lmn,
	acmid = {2405915},
	address = {Essex, UK},
	author = {Nothman, Joel and Ringland, Nicky and Radford, Will and Murphy, Tara and Curran, James R.},
	doi = {10.1016/j.artint.2012.03.006},
	issn = {0004-3702},
	issue_date = {January, 2013},
	journal = {Artificial Intelligence},
	keywords = {Annotated corpora, Information extraction, Named entity recognition, Semi-structured resources, Semi-supervised learning, Wikipedia},
	numpages = {25},
	pages = {151--175},
	publisher = {Elsevier Science Publishers Ltd.},
	sortname = {Nothman, Joel and Ringland, Nicky and Radford, Will and Murphy, Tara and Curran, James R.},
	title = {{L}earning {M}ultilingual {N}amed {{E}}ntity {R}ecognition from {W}ikipedia},
	volume = {194},
	year = {2013}
}

@article{	  nivre2007maltparser,
	author = {Nivre, Joakim and Hall, Johan and Nilsson, Jens and Chanev, Atanas and Eryigit, G{\"u}lsen and K{\"u}bler, Sandra and Marinov, Svetoslav and Marsi, Erwin},
	journal = {Natural Language Engineering},
	number = {02},
	pages = {95--135},
	publisher = {Cambridge Univ Press},
	sortname = {Nivre, Joakim and Hall, Johan and Nilsson, Jens and Chanev, Atanas and Eryigit, G{u}lsen and K{u}bler, Sandra and Marinov, Svetoslav and Marsi, Erwin},
	title = {{{M}alt{P}}arser: {A} language-independent system for data-driven dependency parsing},
	volume = {13},
	year = {2007}
}

@article{	  nivre04b,
	author = {Nivre, Joakim and Nilsson, Jens},
	journal = {Proceedings of Methodologies and Evaluation of Multiword Units in Real-World Applications (MEMURA)},
	pages = {\biberror{no pages}},
	title = {{M}ultiword units in syntactic parsing},
	volume = {\biberror{no volume}},
	year = {2004}
}

@article{	  navigli-12,
	author = {Roberto Navigli and Simone Paolo Ponzetto},
	doi = {10.1016/j.artint.2012.07.001},
	journal = {Artificial Intelligence},
	pages = {217--250},
	title = {{{B}abel{N}}et: {T}he Automatic Construction, Evaluation and Application of a Wide-Coverage Multilingual Semantic Network},
	volume = {193},
	year = {2012}
}

@article{	  mueller:wechsler:14,
	author = {Stefan M{\"u}ller and Stephen M. Wechsler},
	journal = {Theoretical Linguistics},
	number = {1--2},
	pages = {1--76},
	sortname = {Stefan M{u}ller and Stephen M. Wechsler},
	title = {{L}exical Approaches to Argument Structure},
	volume = {40},
	year = {2014}
}

@article{	  mirroshandel:2016,
	address = {Cambridge, MA, USA},
	author = {Mirroshandel, Seyed Abolghasem and Nasr, Alexis},
	journal = {Computional Linguistics},
	number = {1},
	pages = {55--90},
	publisher = {MIT Press},
	title = {{I}ntegrating Selectional Constraints and Subcategorization Frames in a Dependency Parser},
	volume = {42},
	year = {2016}
}

@article{	  miller56,
	author = {George Armitage Miller},
	journal = {Psychological Review},
	pages = {81--97},
	title = {{T}he Magical Number Seven, {Plus} or Minus Two: {S}ome Limits on our Capacity for Processing Information},
	volume = {63},
	year = {1956}
}

@article{	  maxwell93,
	author = {Maxwell, John and Kaplan, Ronald M.},
	journal = {Computational Linguistics},
	number = {4},
	pages = {571--589},
	sortname = {Maxwell, John and Kaplan, Ronald M.},
	title = {{T}he interface between phrasal and functional constraints},
	volume = {19},
	year = {1993}
}

@article{	  lichte:petitjean:15,
	author = {Lichte, Timm and Petitjean, Simon},
	journal = {Journal of Language Modelling},
	number = {1},
	pages = {185--228},
	timestamp = {2014.07.13},
	title = {{I}mplementing semantic frames as typed feature structures with {{XMG}}},
	volume = {3},
	year = {2015}
}

@article{	  lewis2013combining,
	author = {Lewis, Mike and Steedman, Mark},
	journal = {Transactions of the Association for Computational Linguistics},
	pages = {179--192},
	title = {{C}ombining distributional and logical semantics},
	volume = {1},
	year = {2013}
}

@article{	  hockenmaier2007,
	address = {Cambridge, MA, USA},
	author = {Hockenmaier, Julia and Steedman, Mark},
	issue_date = {September 2007},
	journal = {{Computational Linguistics}},
	number = {3},
	numpages = {42},
	pages = {355--396},
	publisher = {MIT Press},
	title = {{{CCGbank}}: {A} Corpus of {CCG} Derivations and Dependency Structures Extracted from the {Penn Treebank}},
	volume = {33},
	year = {2007}
}

@article{	  henderson:2013,
	author = {James Henderson and Paola Merlo and Ivan Titov and Gabriele Musillo},
	journal = {Computational Linguistics},
	number = {4},
	pages = {949--998},
	title = {{M}ultilingual {J}oint {P}arsing of {S}yntactic and {S}emantic {D}ependencies with a {L}atent {V}ariable {M}odel},
	volume = {39},
	year = {2013}
}

@article{	  hahn-05,
	author = {Hahn, Udo and Daumke, Philipp and Schulz, Stefan and Mark{\'o}, Korn{\'e}l},
	journal = {Proceedings of the 8th international conference on Discovery Science ({DS'05})},
	pages = {113--123},
	sortname = {Hahn, Udo and Daumke, Philipp and Schulz, Stefan and Mark{o}, Korn{e}l},
	title = {{C}ross-language mining for acronyms and their completions from the web},
	volume = {9},
	year = {2005}
}

@article{	  habert:jaquemin:95,
	author = {Beno{\^\i}t Habert and Christian Jaquemin},
	journal = {\biberror{no journal}},
	journaltitle = {Lingvisticae Investigationes},
	number = {2},
	pages = {401--427},
	sortname = {Beno{\i}t Habert and Christian Jaquemin},
	timestamp = {2016.12.01},
	title = {{C}onstruction nominales {\`a} contraintes fortes et grammaires d'unification},
	volume = {19},
	year = {1995}
}

@article{	  gross1988b,
	author = {Gross, Maurice},
	journal = {Langue fran\-{\c c}aise},
	pages = {47--70},
	title = {{S}ur les phrases fig{\'e}es complexes du fran{\c c}ais},
	volume = {77},
	year = {1988}
}

@article{	  gross1988a,
	author = {Gross, Maurice},
	journal = {Langage},
	pages = {7--23},
	title = {{L}es limites de la phrase fig{\'e}e},
	volume = {90},
	year = {1988}
}

@article{	  gregoire:10,
	author = {Gr{\'e}goire, Nicole},
	journal = {Language Resources and Evaluation},
	number = {1--2},
	pages = {23--39},
	sortname = {Gr{e}goire, Nicole},
	title = {{{DuELME}}: {A} {{Dutch}} electronic lexicon of multiword expressions},
	volume = {44},
	year = {2010}
}

@article{	  green13,
	author = {Green, Spence and de Marneffe, Marie-Catherine and Manning, Christopher D.},
	journal = {Computational Linguistics},
	number = {1},
	pages = {195--227},
	publisher = {MIT Press},
	sortname = {Green, Spence and de Marneffe, Marie-Catherine and Manning, Christopher D.},
	title = {{P}arsing models for identifying multiword expressions},
	volume = {39},
	year = {2013}
}

@article{	  gibbsnayak89psycho,
	author = {Gibbs, Raymond W. and Nayak, Nandini P.},
	journal = {Cognitive psychology},
	number = {1},
	pages = {100--138},
	publisher = {Elsevier},
	sortname = {Gibbs, Raymond W. and Nayak, Nandini P.},
	title = {{P}sycholinguistic studies on the syntactic behavior of idioms},
	volume = {21},
	year = {1989}
}

@article{	  gibbs89,
	author = {Gibbs, Raymond W. and Nayak, Nandini P. and Bolton, John L. and Keppel, Melissa E.},
	journal = {Memory \& Cognition},
	number = {1},
	pages = {58--68},
	publisher = {Springer},
	sortname = {Gibbs, Raymond W. and Nayak, Nandini P. and Bolton, John L. and Keppel, Melissa E.},
	title = {{S}peakers' assumptions about the lexical flexibility of idioms},
	volume = {17},
	year = {1989}
}

@article{	  gf-rgl,
	author = {Ranta, Aarne},
	journal = {Linguistic Issues in Language Technology},
	pages = {\biberror{no pages}},
	publisher = {CSLI},
	title = {{T}he {{GF}} {R}esource {G}rammar {L}ibrary},
	volume = {\biberror{no volume}},
	year = {2009}
}

@article{	  gao1998automatic,
	author = {Gao, Zhao-Ming},
	journal = {Language},
	pages = {254},
	title = {{A}utomatic {A}cquisition of a {{H}igh-{P}}recision {T}ranslation {L}exicon from {P}arallel {{Chinese}-English} {C}orpora},
	volume = {248},
	year = {1998}
}

@article{	  fraser2007measuring,
	author = {Fraser, Alexander and Marcu, Daniel},
	journal = {Computational Linguistics},
	number = {3},
	pages = {293--303},
	publisher = {MIT Press},
	title = {{M}easuring word alignment quality for statistical machine translation},
	volume = {33},
	year = {2007}
}

@article{	  fox-94,
	author = {Fox, Edward A. and Shaw, Joseph A.},
	journal = {NIST Special Publication},
	pages = {243--243},
	sortname = {Fox, Edward A. and Shaw, Joseph A.},
	title = {Combination of multiple searches},
	volume = {\biberror{no volume}},
	year = {1994}
}

@article{	  fazly-cook-stevenson:2009:cl,
	author = {Fazly, Afsaneh and Cook, Paul and Stevenson, Suzanne},
	issn = {0891-2017},
	journal = {Computational Linguistics},
	number = {1},
	pages = {61--103},
	publisher = {MIT Press},
	title = {{{U}}nsupervised Type and Token Identification of Idiomatic Expressions},
	volume = {35},
	year = {2009}
}

@article{	  evans:gazdar:96,
	author = {Evans, Roger and Gazdar, Gerald},
	journal = {Computational Linguistics},
	number = {2},
	pages = {167--216},
	timestamp = {2012.12.06},
	title = {{{DATR}}: {A} Language for Lexical Knowledge Representation},
	volume = {22},
	year = {1996}
}

@article{	  ernst81,
	author = {Ernst, Thomas},
	journal = {Journal of Linguistic Research},
	number = {3},
	pages = {51--68},
	title = {{G}rist for the linguistic mill: {I}dioms and `extras' adjectives},
	volume = {1},
	year = {1981}
}

@article{	  erman:warren:2000,
	author = {Erman, Britt and Warren, Beatrice},
	journal = {Text},
	number = {1},
	pages = {29--62},
	title = {{T}he idiom principle and the open choice principle},
	volume = {20},
	year = {2000}
}

@article{	  ehrmann-15,
	author = {Maud Ehrmann and Guillaume Jacquet and Ralf Steinberger},
	journal = {Semantic Web},
	number = {Preprint},
	pages = {1--13},
	publisher = {IOS Press},
	title = {{{JRC}-{N}}ames: {M}ultilingual entity name variants and titles as {L}inked {D}ata},
	volume = {\biberror{no volume}},
	year = {2015}
}

@article{	  dunning93,
	address = {Cambridge, MA, USA},
	author = {Dunning, Ted},
	issn = {0891-2017},
	issue_date = {March 1993},
	journal = {{Computational Linguistics}},
	number = {1},
	numpages = {14},
	pages = {61--74},
	publisher = {MIT Press},
	title = {{A}ccurate {M}ethods for the {S}tatistics of {S}urprise and {C}oincidence},
	url = {http://dl.acm.org/citation.cfm?id=972450.972454},
	volume = {19},
	year = {1993}
}

@article{	  doron03agency,
	author = {Doron, Edit},
	journal = {Natural Language Semantics},
	number = {1},
	pages = {1--67},
	publisher = {Springer},
	title = {{A}gency and voice: {The} semantics of the {S}emitic templates},
	volume = {11},
	year = {2003}
}

@article{	  denis:2012,
	author = {Denis, Pascal and Sagot, Beno\^{\i}t},
	doi = {10.1007/s10579-012-9193-0},
	journal = {{Language Resources and Evaluation}},
	number = {4},
	pages = {721--736},
	sortname = {Denis, Pascal and Sagot, Beno{\i}t},
	title = {{C}oupling an {A}nnotated {C}orpus and a {L}exicon for {S}tate-of-the-art {{POS}} {T}agging},
	volume = {46},
	year = {2012}
}

@article{	  daelemans:desmedt:94,
	author = {Daelemans, Walter and De Smedt, Koenraad},
	journal = {International Journal of Human-Computer Studies},
	number = {1},
	pages = {149--177},
	title = {Default inheritance in an object-oriented representation of linguistic categories},
	volume = {41},
	year = {1994}
}

@article{	  crabbe:etal:13,
	author = {Crabb\'e, Beno\^it and Duchier, Denys and Gardent, Claire and {Le Roux}, Joseph and Parmentier, Yannick},
	doi = {10.1162/COLI_a_00144},
	journal = {Computational Linguistics},
	number = {3},
	pages = {591--629},
	publisher = {MIT Press},
	sortname = {Crabbe, Benoit and Duchier, Denys and Gardent, Claire and {Le Roux}, Joseph and Parmentier, Yannick},
	title = {{{XMG}}: {eXtensible MetaGrammar}},
	volume = {39},
	year = {2013}
}

@article{	  constant13combining,
	author = {Constant, Matthieu and {Le Roux}, Joseph and Sigogne, Anthony},
	journal = {{ACM} Transaction on Speech and Language Processing ({TSLP}), Special Issue on {MWEs}},
	number = {3},
	pages = {\biberror{no pages}},
	title = {Combining compound recognition and {{PCFG-LA}} parsing with word lattices and conditional random fields},
	volume = {10},
	year = {2013}
}

@article{	  clarkcurran2007,
	author = {Clark, Stephen and Curran, James R},
	journal = {{Computational Linguistics}},
	number = {33},
	pages = {493--552},
	title = {{Wide-Coverage} Efficient Statistical Parsing with {CCG} and {Log}-Linear Models},
	volume = {4},
	year = {2007}
}

@article{	  chang-02,
	author = {Chang, Jeffrey T. and Sch{\"u}tze, Hinrich and Altman, Russ B.},
	journal = {Journal of the {American} {M}edical {I}nformatics Association},
	number = {6},
	pages = {612--620},
	sortname = {Chang, Jeffrey T. and Sch{u}tze, Hinrich and Altman, Russ B.},
	title = {Creating an Online Dictionary of Abbreviations from {{MEDLINE}}},
	volume = {9},
	year = {2002}
}

@article{	  chafe1968idiomaticity,
	author = {Chafe, Wallace L.},
	journal = {Foundations of language},
	number = {2},
	pages = {109--127},
	sortname = {Chafe, Wallace L.},
	title = {{I}diomaticity as an anomaly in the {Chomskyan} paradigm},
	volume = {4},
	year = {1968}
}

@article{	  burger2010phraseologie,
	author = {Burger, H},
	journal = {{G}rundlagen der {Germanistik}},
	number = {4},
	pages = {\biberror{no pages}},
	publisher = {Berlin, Erich Schmidt Verlag},
	title = {{Phraseologie}: {{E}ine} {{E}}inf{\"u}hrung am {B}eispiel des {Deutschen} [{Phraseology}: {An} {I}ntroduction for {German}]},
	volume = {36},
	year = {2010}
}

@article{	  bohnet:2013,
	author = {Bohnet, Bernd and Nivre, Joakim and Boguslavsky, Igor and Farkas, Richard and Ginter, Filip and Hajic, Jan},
	journal = {{Transactions of the Association for Computational Linguistics (TACL)}},
	pages = {415--428},
	title = {{J}oint {M}orphological and {S}yntactic {A}nalysis for {R}ichly {I}nflected {L}anguages.},
	volume = {1},
	year = {2013}
}

@article{	  baroni-bernardini-ferraresi-zanchetta-2009,
	author = {Baroni, Marco and Bernardini, Silvia and Ferraresi, Adriano and Zanchetta, Eros},
	journal = {Language Resources and Evaluation},
	number = {3},
	pages = {209--226},
	publisher = {Springer},
	title = {The {{WaCky}} wide web: {A} collection of very large linguistically processed web-craw\-led corpora},
	url = {http://www.springerlink.com/index/10.1007/s10579-009-9081-4},
	volume = {43},
	year = {2009}
}

@article{	  bagga-98,
	author = {Bagga, Amit and Baldwin, Breck},
	journal = {Proceedings of the First International Conference on {Language Resources and Evaluation}, Workshop on Linguistic Coreference},
	pages = {563--566},
	title = {{A}lgorithms for scoring coreference chains},
	volume = {\biberror{no volume}},
	year = {1998}
}

@article{	  backstrom,
	author = {Linnéa B\"ackstr\"om and Benjamin Lyngfelt and Emma Sk\"oldberg},
	issue = {1},
	journal = {Constructions and Frames},
	pages = {9--33},
	sortname = {Linnea Backstrom and Benjamin Lyngfelt and Emma Skoldberg},
	title = {{T}owards interlingual constructicography: {O}n correspondence between constructicon resources for {{English}} and {Swedish}},
	volume = {6},
	year = {2014}
}

@article{	  apidianaki2018,
	author = {Apidianaki, Marianna and Prokopis Prokopidis and Haris Papageorgiou},
	journal = {Bulletin of Scientific Terminology and Neologisms of the Academy of {Athens}, Special issue on MWEs in {Greek} and other languages: {F}rom theory to implementation},
	pages = {\biberror{no pages}},
	title = {Combining Cross-lingual and Syntactic Evidence for {{Greek}} Multiword Expression Identification},
	volume = {\biberror{no volume}},
	year = {2018}
}

@article{	  adar-04,
	author = {E. Adar},
	journal = {BioInformatics},
	pages = {527--533},
	sortname = {E. Adar},
	title = {{{SaRAD}}: {A} Simple and Robust Abbreviation Dictionary},
	volume = {20},
	year = {2004}
}
